3562 5364
568 558 600 592 VI

566 704 669 786 factu,
686 706 817 789 optimo
831 724 983 788 persepe
1003 702 1150 768 consilio
1167 723 1203 767 se
1220 710 1366 784 tueatur,
1380 700 1461 767 istas
1473 706 1591 769 sordes
1606 726 1684 770 ver·

568 840 694 900 borum
713 835 752 899 in
770 834 925 899 historiis
946 844 1048 915 atque
1067 833 1106 897 in
1121 833 1254 897 altioris
1274 835 1411 921 generis
1430 834 1587 899 oratione
1604 858 1685 921 per-

568 966 726 1048 miscere,
745 965 910 1050 exemplis
927 973 1031 1047 atque
1059 967 1134 1049 lege
1155 973 1363 1028 sanxerunt:
1383 965 1513 1030 scilicet
1527 976 1685 1048 oportere

556 1099 728 1180 pristinus
752 1099 834 1160 eires
855 1104 888 1159 et
907 1115 1110 1178 germanam
1124 1097 1270 1176 speciem
1290 1099 1438 1160 sermoni
1462 1096 1597 1161 reddere
1603 1118 1616 1175 ‚·
1635 1091 1686 1161 id·

571 1249 637 1312 que
645 1229 784 1310 assequi
791 1229 926 1291 omnino
939 1229 1104 1292 neminem
1114 1248 1223 1311 posse,
1229 1229 1299 1292 nisi
1308 1229 1343 1290 in
1355 1228 1517 1291 honorem
1530 1247 1686 1292 revocen-

569 1367 627 1420 tur
647 1361 825 1422 innumera
851 1357 1023 1422 vocabula
1046 1337 1214 1423 immerito
1241 1358 1436 1423 obliterata.
1476 1361 1536 1423 Na
1561 1358 1685 1442 lingua

569 1488 683 1571 potius
712 1489 941 1589 miserrimam
971 1490 1121 1574 speciem
1148 1489 1328 1574 decrepitae
1356 1492 1525 1574 praebeat!
1556 1488 1686 1573 Lepide

569 1621 634 1683 hos
656 1620 815 1684 homines
837 1632 938 1704 poeta
960 1621 1120 1685 Senensis
1142 1621 1284 1686 irridet:

801 1800 914 1873 Troppo
935 1800 1062 1853 Torcauo
1081 1801 1102 1853 il
1119 1817 1178 1853 non
1197 1800 1323 1854 Toreano
1343 1816 1459 1855 accusa:

571 1967 628 2031 cui
651 1967 822 2033 versiculo
845 1972 949 2054 plane
972 1969 1183 2053 Horatiano,
1203 1968 1374 2038 Venusini
1394 1969 1543 2055 tripodis
1567 1988 1688 2032 oracu-

569 2099 645 2195 lum
666 2102 809 2181 addam3
830 2097 871 2164 ed
892 2101 1070 2179 libentius,
1092 2105 1187 2183 quod
1211 2122 1252 2165 ex
1273 2101 1420 2186 Didymi
1445 2100 1562 2166 codice
1581 2120 1687 2182 pecu·

571 2229 1076 2295 liarinovissimamlectionem
1085 2253 1161 2296 sum
1170 2235 1686 2313 nactus(nondumaquoquam

572 2350 868 2441 animadversam,
895 2382 939 2424 ne
960 2381 981 2424 a
995 2362 1093 2425 Rich.
1108 2362 1248 2445 quidem
1264 2362 1439 2442 Bentlejo;
1460 2363 1555 2443 quod
1571 2369 1687 2422 tamen

572 2511 662 2570 non,
683 2494 839 2572 hercule,
860 2492 986 2574 miror3
1010 2494 1054 2556 de
1068 2494 1136 2557 aris
1153 2494 1246 2559 enim
1261 2505 1295 2559 et
1315 2493 1401 2558 focis
1421 2492 1493 2558 suis
1514 2492 1687 2577 ageretur)

666 2695 670 2702 ·
769 2672 843 2726 Dum
862 2675 951 2726 vitant
971 2672 1050 2726 docti
1068 2678 1135 2728 vitia
1152 2676 1184 2729 iis
1202 2676 1342 2729 contraria
1361 2687 1486 2728 currunt.

571 2839 638 2903 Sed
666 2840 739 2905 haec
767 2863 906 2924 quoque
932 2842 1017 2908 vitia
1050 2864 1092 2905 ex
1131 2842 1284 2928 ingeniis
1319 2843 1467 2927 delapsis
1505 2843 1544 2905 in
1584 2860 1686 2904 omne

573 2991 680 3056 genus
715 2971 888 3034 servitutis
924 2975 1106 3040 fluxerunt.
1159 2973 1232 3057 sic,
1265 2976 1350 3036 dum
1386 2973 1486 3037 alteri
1523 2970 1687 3052 novitati,

572 3100 672 3162 alteri
699 3099 898 3181 antiquitati
918 3101 1144 3186 ‘obligantur5
1174 3104 1227 3168 vis
1248 3104 1311 3169 illa
1331 3101 1478 3189 genialis
1502 3111 1536 3165 et
1547 3149 1556 3184 ,
1579 3109 1617 3163 ut
1638 3099 1688 3162 ita

574 3229 710 3311 dicam,
746 3251 841 3295 novi
877 3218 1063 3316 mmm,
1103 3253 1280 3298 neronum
1316 3251 1464 3296 recisus
1498 3248 1688 3296 nonnum

573 3356 615 3423 εὸ
641 3349 786 3423 'tandem
818 3361 943 3425 amissa
973 3370 1042 3444 est,
1079 3371 1118 3425 ut
1143 3366 1251 3428 turbae
1274 3364 1441 3428 lectorum
1467 3362 1588 3425 nevel
1615 3380 1689 3424 sus·

574 3489 713 3574 picione
733 3493 876 3573 quidem
896 3493 1065 3585 attingere
1082 3503 1226 3579 queant,
1255 3504 1371 3558 utrum
1386 3494 1495 3558 Attice
1511 3492 1687 3578 scripseris

510 3690 514 3696 ,
574 3641 621 3683 an
642 3641 738 3686 more
765 3622 888 3689 Carior

783 3803 882 3874 Neirnr
902 3801 940 3866 ai
960 3801 1066 3888 Καρῶν
1085 3806 1207 3886 ἡγήσατο
1230 3808 1478 3888 βαρβαροφώνων.

576 3979 700 4041 Nonne
719 3977 833 4060 vides,
854 3979 1051 4043 barbariem
1080 3984 1264 4046 verborum
1294 3982 1415 4046 irrisui
1443 3981 1548 4062 fuisse
1571 3977 1688 4042 iliacis

574 4107 679 4171 etiam
712 4109 949 4194 temporibus?
975 4111 1106 4176 Nostris
1123 4133 1205 4177 vero
1225 4115 1320 4175 haud
1340 4115 1487 4176 absurde
1502 4114 1688 4176 Pseudose-

575 4239 693 4304 nensis
712 4250 924 4324 speraverat,
940 4243 1061 4306 dolum
1083 4264 1155 4306 non
1178 4264 1277 4327 posse
1291 4264 1332 4308 ex
1346 4243 1479 4310 indicio
1500 4241 1688 4323 sermonis,

576 4369 647 4435 nisi
666 4390 686 4434 a
710 4369 946 4455 paucissimis,
967 4372 1189 4457 deprehendi.
