3562 5364
424 192 446 256 2
745 206 873 251 cLAvls
901 183 1255 255 urraacaurnsuds.

425 377 461 416 ac
483 356 549 416 lites
571 368 658 426 serat,
679 354 840 433 eademque
857 354 1041 414 hebdomade
1061 367 1090 413 et
1109 354 1212 415 laudea
1232 368 1262 415 et
1282 355 1312 414 in
1332 354 1450 414 eosdem
1471 354 1573 414 satiras

427 486 504 546 edat.
545 485 630 545 Senae
659 460 817 545 mbuachus
845 484 910 554 fuit,
939 483 1114 562 scripsitque
1140 484 1215 544 inter
1243 486 1344 544 turbas
1371 485 1413 544 rei
1445 483 1574 563 publicae

428 613 533 675 Rornae
552 633 732 674 uoruroaau
746 612 881 672 libellum
903 615 1049 672 famosum
1072 623 1102 670 et
1123 613 1325 672 teterrimum:
1345 612 1452 691 abjecit
1474 624 1574 690 togam

427 755 515 822 atque
542 743 615 802 adeo
643 742 835 802 sacerdotium
860 740 951 798 exuit.
986 740 1103 833 ‘Itinera
1126 760 1178 818 per
1202 739 1330 799 Galliam
1354 741 1431 811 fecit,
1452 740 1576 798 ludima-

428 872 513 950 gistri
538 884 635 950 partes
663 890 772 948 agens:
807 869 837 927 in
864 867 979 927 Italiam
1006 889 1152 938 reversus,
1173 870 1203 927 in
1226 868 1351 947 collegio
1376 869 1575 947 apparitorum

427 1001 503 1077 regis
527 999 622 1058 Italiae
647 997 850 1056 mathematica
871 997 991 1055 docuit:
1014 997 1082 1054 fecit
1102 1016 1168 1055 cum
1190 997 1347 1055 Lambertr'o
1368 1009 1397 1055 et
1418 995 1481 1055 aliis
1504 1016 1577 1055 nou·

428 1127 516 1186 nullis
543 1146 775 1195 aonuanrrnuu,
805 1125 928 1183 diarium
952 1124 1134 1195 litterarium,
1163 1125 1251 1202 idque
1274 1124 1332 1184 bile
1355 1145 1408 1183 sua
1435 1124 1574 1202 perfudit.

427 1254 562 1332 Denique
582 1275 686 1313 munus
706 1275 790 1313 suum
813 1265 842 1312 et
860 1253 1096 1330 Longobardiam
1110 1252 1247 1330 reliquit3
1270 1272 1364 1330 neque
1378 1272 1457 1322 vero,
1483 1270 1575 1330 quan·

427 1396 490 1443 tum
514 1384 649 1461 equidem
672 1383 805 1459 cognovi,
835 1393 969 1460 receptus
993 1392 1037 1440 est
1060 1380 1220 1441 Florentiae
1243 1382 1274 1439 in
1297 1380 1391 1460 patria
1415 1383 1489 1440 urbe
1512 1400 1574 1440 sua.

427 1514 477 1572 Ad
504 1532 613 1572 aunum
636 1531 787 1571 uocccxur
808 1509 934 1588 Neapoli
958 1511 1037 1588 egit:
1064 1530 1160 1568 exeo
1184 1523 1316 1589 ternpore
1341 1530 1483 1587 nusquam
1504 1509 1574 1568 mihi

428 1642 508 1702 visus
522 1641 567 1701 vel
583 1642 710 1700 auditus.

470 1768 526 1829 Va·
541 1776 569 1828 2.
621 1768 756 1827 Studium
790 1767 941 1826 scribentis
976 1766 1196 1845 Ephemeridas.
1210 1786 1329 1836 -aurn
1370 1786 1438 1834 uax,
1474 1784 1575 1824 caux:

426 1897 485 1957 vid.
500 1896 650 1976 cap.'XV.
668 1901 715 1954 16.
729 1895 992 1973 sqq-Reliquum
1015 1896 1070 1954 hoc
1090 1906 1177 1973 caput
1196 1914 1297 1953 ornnes
1318 1894 1456 1953 describit
1479 1914 1576 1985 mores

427 2027 613 2087 sacerdotum
638 2024 848 2083 catholicorum
873 2044 926 2102 per
960 2043 1046 2101 agros
1076 2023 1181 2096 Italiae,
1212 2023 1262 2099 qui
1299 2022 1396 2101 specie
1429 2023 1576 2101 religionis

429 2155 556 2235 spoliant
568 2153 711 2232 agricolas
724 2154 753 2211 in
767 2148 866 2226 Italia,¹
875 2152 968 2230 magis
983 2171 1071 2229 quam
1084 2151 1162 2222 alibi,
1178 2171 1295 2229 egenos.

789 2432 940 2499 CAPUT
963 2431 1219 2496 SECUNDUM

470 2597 524 2661 Vs.
539 2606 568 2660 2.
610 2619 741 2659 manau:
777 2599 933 2657 Florentiae
967 2619 1072 2657 nornen
1098 2600 1338 2672 vetustissimum,
1361 2614 1394 2661 ut
1420 2603 1577 2680 antiquarii

433 2729 546 2790 volunt.
587 2727 753 2787 Secundum
767 2727 885 2786 eosdem
906 2746 1072 2786 unaarum
1087 2740 1155 2786 sunt
1174 2729 1276 2807 populi
1290 2730 1419 2801 Arabiae,
1443 2732 1579 2808 quiante

430 2856 557 2917 Romam
589 2856 737 2916 conditam
771 2868 862 2915 terras
897 2854 1081 2914 incoluerunt
1116 2854 1254 2915 Etruriae.
1295 2878 1430 2929 uuonan,
1466 2860 1576 2921 Arnus.

430 3004 679 3047 monoceroton:
701 2985 732 3043 in
755 2984 820 3062 ripa
842 2983 953 3042 boreali
975 2984 1101 3042 fluminis
1127 2986 1200 3044 Arni
1220 3007 1312 3065 prope
1333 2987 1511 3048 Florentiam
1532 2991 1577 3049 in-

431 3113 548 3174 fodiunt
571 3113 677 3184 asinos,
701 3106 807 3181 mulos,
836 3131 945 3189 equos:
967 3112 1045 3171 haud
1069 3111 1157 3189 longe
1180 3115 1217 3172 ab
1243 3115 1300 3173 isto
1316 3117 1455 3180 ‘serarum
1479 3119 1577 3199 sepul-

431 3256 510 3304 creto
524 3241 618 3312 vicus,
633 3241 684 3299 ubi
698 3251 783 3299 natus
798 3251 842 3298 est
855 3239 1011 3298 monachus
1026 3239 1228 3318 Lampredius.

471 3370 525 3430 Vs.
542 3377 570 3430 3.
611 3388 710 3428 conara
734 3387 977 3427 curamssoaurr:
1007 3367 1173 3427 Secundum
1210 3371 1343 3429 notitiam
1378 3373 1415 3431 de
1444 3373 1575 3452 Didymo

432 3501 540 3561 editam
563 3500 594 3557 iu
612 3496 698 3557 Italia
720 3498 779 3556 An.
801 3517 954 3556 uncccxrn
978 3511 1063 3556 natus
1086 3499 1110 3556 is
1136 3499 1190 3557 fuit
1213 3500 1242 3558 in
1264 3501 1330 3560 loco
1355 3503 1496 3582 Inuerigq
1527 3506 1578 3582 qui

429 3642 473 3690 est
497 3627 580 3687 collis
600 3626 728 3703 undique
751 3626 906 3703 cyparissis
930 3636 1088 3684 exornatus
1109 3627 1184 3685 inter
1208 3627 1411 3689 Mediolanum
1435 3631 1576 3709 oppidum

429 3771 459 3817 et
472 3756 550 3835 ripas
562 3755 690 3813 fluminis
705 3753 832 3811 Adduae.

469 3883 523 3943 Va.
548 3887 577 3943 5.
599 3902 663 3959 sqq.
705 3881 863 3959 Reliquum
894 3895 982 3961 caput
1020 3883 1175 3944 adumbrat
1205 3885 1337 3950 inertiam
1369 3900 1398 3947 et
1428 3887 1575 3949 miseriam
