<?xml version="1.0" encoding="UTF-8"?>
<!DOCTYPE html PUBLIC "-//W3C//DTD XHTML 1.0 Transitional//EN"
    "http://www.w3.org/TR/xhtml1/DTD/xhtml1-transitional.dtd">
<html xmlns="http://www.w3.org/1999/xhtml" xml:lang="en" lang="en">
 <head>
  <title>
</title>
<meta http-equiv="Content-Type" content="text/html;charset=utf-8" />
  <meta name='ocr-system' content='tesseract 3.04.00' />
  <meta name='ocr-capabilities' content='ocr_page ocr_carea ocr_par ocr_line ocrx_word'/>
</head>
<body>
  <div class='ocr_page' id='page_1' title='image "./didymiclericipr00foscgoog_0017.png"; bbox 0 0 3562 5364; ppageno 0'>
   <div class='ocr_carea' id='block_1_1' title="bbox 577 525 646 561">
    <p class='ocr_par' dir='ltr' id='par_1_1' title="bbox 577 525 646 561">
     <span class='ocr_line' id='line_1_1' title="bbox 577 525 646 561; baseline 0.014 -1"><span class='ocrx_word' id='word_1_1' title='bbox 577 525 646 561; x_wconf 73' lang='lat' dir='ltr'><strong>vm</strong></span> 
     </span>
    </p>
   </div>
   <div class='ocr_carea' id='block_1_2' title="bbox 577 671 1690 761">
    <p class='ocr_par' dir='ltr' id='par_1_2' title="bbox 577 671 1690 761">
     <span class='ocr_line' id='line_1_2' title="bbox 577 671 1690 761; baseline -0.002 -17"><span class='ocrx_word' id='word_1_2' title='bbox 577 673 668 744; x_wconf 81' lang='lat' dir='ltr'><strong>servi</strong></span> <span class='ocrx_word' id='word_1_3' title='bbox 686 679 807 760; x_wconf 83' lang='lat' dir='ltr'><strong>rudes,</strong></span> <span class='ocrx_word' id='word_1_4' title='bbox 828 673 955 758; x_wconf 85' lang='lat' dir='ltr'><strong>quibus</strong></span> <span class='ocrx_word' id='word_1_5' title='bbox 972 694 1068 739; x_wconf 87' lang='lat' dir='ltr'><strong>arma</strong></span> <span class='ocrx_word' id='word_1_6' title='bbox 1084 683 1144 739; x_wconf 89' lang='lat' dir='ltr'><strong>aut</strong></span> <span class='ocrx_word' id='word_1_7' title='bbox 1156 672 1260 739; x_wconf 80' lang='lat' dir='ltr'><strong>vetita</strong></span> <span class='ocrx_word' id='word_1_8' title='bbox 1272 679 1354 737; x_wconf 89' lang='lat' dir='ltr'><strong>sunt</strong></span> <span class='ocrx_word' id='word_1_9' title='bbox 1370 680 1431 738; x_wconf 87' lang='lat' dir='ltr'><strong>aut</strong></span> <span class='ocrx_word' id='word_1_10' title='bbox 1444 671 1690 761; x_wconf 81' lang='lat' dir='ltr'><strong>formidolosa,</strong></span> 
     </span>
    </p>
   </div>
   <div class='ocr_carea' id='block_1_3' title="bbox 557 805 1767 4156">
    <p class='ocr_par' dir='ltr' id='par_1_3' title="bbox 578 805 1691 1153">
     <span class='ocr_line' id='line_1_3' title="bbox 578 805 1691 894; baseline -0.002 -20"><span class='ocrx_word' id='word_1_11' title='bbox 578 808 725 874; x_wconf 87' lang='lat' dir='ltr'><strong>rudibus</strong></span> <span class='ocrx_word' id='word_1_12' title='bbox 744 816 918 894; x_wconf 81' lang='lat' dir='ltr'><strong>pugnant3</strong></span> <span class='ocrx_word' id='word_1_13' title='bbox 937 806 1025 871; x_wconf 80' lang='lat' dir='ltr'><strong>servi</strong></span> <span class='ocrx_word' id='word_1_14' title='bbox 1052 814 1165 870; x_wconf 88' lang='lat' dir='ltr'><strong>autem</strong></span> <span class='ocrx_word' id='word_1_15' title='bbox 1187 805 1316 869; x_wconf 88' lang='lat' dir='ltr'><strong>eruditi</strong></span> <span class='ocrx_word' id='word_1_16' title='bbox 1342 805 1382 869; x_wconf 89' lang='lat' dir='ltr'><strong>in</strong></span> <span class='ocrx_word' id='word_1_17' title='bbox 1406 807 1484 872; x_wconf 88' lang='lat' dir='ltr'><strong>loco</strong></span> <span class='ocrx_word' id='word_1_18' title='bbox 1505 807 1604 872; x_wconf 89' lang='lat' dir='ltr'><strong>rudis</strong></span> <span class='ocrx_word' id='word_1_19' title='bbox 1631 812 1691 872; x_wconf 89' lang='lat' dir='ltr'><strong>de·</strong></span> 
     </span>
     <span class='ocr_line' id='line_1_4' title="bbox 579 935 1691 1016; baseline 0.001 -14"><span class='ocrx_word' id='word_1_20' title='bbox 579 947 709 1003; x_wconf 88' lang='lat' dir='ltr'><strong>certant</strong></span> <span class='ocrx_word' id='word_1_21' title='bbox 733 937 899 1002; x_wconf 89' lang='lat' dir='ltr'><strong>instructi</strong></span> <span class='ocrx_word' id='word_1_22' title='bbox 914 935 1100 1016; x_wconf 88' lang='lat' dir='ltr'><strong>conviciis,</strong></span> <span class='ocrx_word' id='word_1_23' title='bbox 1127 954 1392 1016; x_wconf 87' lang='lat' dir='ltr'><strong>nonnumquam</strong></span> <span class='ocrx_word' id='word_1_24' title='bbox 1416 939 1460 999; x_wconf 93' lang='lat' dir='ltr'><strong>ad</strong></span> <span class='ocrx_word' id='word_1_25' title='bbox 1483 937 1691 1004; x_wconf 86' lang='lat' dir='ltr'><strong>internecio·</strong></span> 
     </span>
     <span class='ocr_line' id='line_1_5' title="bbox 580 1029 1584 1153; baseline -0.006 -18"><span class='ocrx_word' id='word_1_26' title='bbox 580 1090 678 1153; x_wconf 90' lang='lat' dir='ltr'><strong>nem,</strong></span> <span class='ocrx_word' id='word_1_27' title='bbox 699 1088 877 1151; x_wconf 87' lang='lat' dir='ltr'><strong>nunquam</strong></span> <span class='ocrx_word' id='word_1_28' title='bbox 901 1077 1015 1132; x_wconf 89' lang='lat' dir='ltr'><strong>tamen</strong></span> <span class='ocrx_word' id='word_1_29' title='bbox 1035 1066 1111 1132; x_wconf 88' lang='lat' dir='ltr'><strong>sine</strong></span> <span class='ocrx_word' id='word_1_30' title='bbox 1135 1029 1255 1150; x_wconf 64' lang='lat' dir='ltr'><strong>alioue</strong></span> <span class='ocrx_word' id='word_1_31' title='bbox 1278 1066 1522 1131; x_wconf 90' lang='lat' dir='ltr'><strong>emolumento.</strong></span> <span class='ocrx_word' id='word_1_32' title='bbox 1541 1102 1584 1116; x_wconf 89' lang='lat'>-</span> 
     </span>
    </p>

    <p class='ocr_par' dir='ltr' id='par_1_4' title="bbox 557 1191 1767 3740">
     <span class='ocr_line' id='line_1_6' title="bbox 659 1191 1690 1282; baseline -0.001 -18"><span class='ocrx_word' id='word_1_33' title='bbox 659 1202 734 1264; x_wconf 87' lang='lat' dir='ltr'><strong>Hos</strong></span> <span class='ocrx_word' id='word_1_34' title='bbox 752 1197 877 1282; x_wconf 89' lang='lat' dir='ltr'><strong>igitur,</strong></span> <span class='ocrx_word' id='word_1_35' title='bbox 898 1196 990 1272; x_wconf 86' lang='lat' dir='ltr'><strong>Juli,</strong></span> <span class='ocrx_word' id='word_1_36' title='bbox 1009 1196 1150 1262; x_wconf 91' lang='lat' dir='ltr'><strong>silentio</strong></span> <span class='ocrx_word' id='word_1_37' title='bbox 1168 1216 1244 1260; x_wconf 92' lang='lat' dir='ltr'><strong>meo</strong></span> <span class='ocrx_word' id='word_1_38' title='bbox 1262 1191 1545 1280; x_wconf 83' lang='lat' dir='ltr'><strong>noneffugerim.</strong></span> <span class='ocrx_word' id='word_1_39' title='bbox 1573 1200 1690 1280; x_wconf 79' lang='lat' dir='ltr'><strong>Adde,</strong></span> 
     </span>
     <span class='ocr_line' id='line_1_7' title="bbox 580 1325 1694 1414; baseline -0.005 -20"><span class='ocrx_word' id='word_1_40' title='bbox 580 1329 673 1414; x_wconf 90' lang='lat' dir='ltr'><strong>quod</strong></span> <span class='ocrx_word' id='word_1_41' title='bbox 695 1329 1000 1409; x_wconf 85' lang='lat' dir='ltr'><strong>Pseudosenensis,</strong></span> <span class='ocrx_word' id='word_1_42' title='bbox 1022 1337 1060 1390; x_wconf 89' lang='lat' dir='ltr'><strong>ut</strong></span> <span class='ocrx_word' id='word_1_43' title='bbox 1082 1348 1138 1390; x_wconf 87' lang='lat' dir='ltr'><strong>me</strong></span> <span class='ocrx_word' id='word_1_44' title='bbox 1157 1325 1318 1410; x_wconf 89' lang='lat' dir='ltr'><strong>pluribus</strong></span> <span class='ocrx_word' id='word_1_45' title='bbox 1341 1326 1614 1410; x_wconf 76' lang='lat' dir='ltr'>certioribusque</span> <span class='ocrx_word' id='word_1_46' title='bbox 1636 1328 1694 1393; x_wconf 76' lang='lat' dir='ltr'><strong>in·</strong></span> 
     </span>
     <span class='ocr_line' id='line_1_8' title="bbox 581 1457 1767 1545; baseline -0.002 -21"><span class='ocrx_word' id='word_1_47' title='bbox 581 1459 682 1524; x_wconf 74' lang='lat' dir='ltr'><strong>(liciis</strong></span> <span class='ocrx_word' id='word_1_48' title='bbox 705 1459 888 1542; x_wconf 77' lang='lat' dir='ltr'><strong>inligaret,</strong></span> <span class='ocrx_word' id='word_1_49' title='bbox 919 1478 1042 1539; x_wconf 89' lang='lat' dir='ltr'><strong>meque</strong></span> <span class='ocrx_word' id='word_1_50' title='bbox 1067 1460 1219 1521; x_wconf 86' lang='lat' dir='ltr'><strong>adnuere</strong></span> <span class='ocrx_word' id='word_1_51' title='bbox 1242 1478 1313 1522; x_wconf 82' lang='lat' dir='ltr'><strong>suae</strong></span> <span class='ocrx_word' id='word_1_52' title='bbox 1334 1457 1450 1522; x_wconf 86' lang='lat' dir='ltr'><strong>fraudi</strong></span> <span class='ocrx_word' id='word_1_53' title='bbox 1474 1469 1626 1545; x_wconf 88' lang='lat' dir='ltr'><strong>cogeret,</strong></span> <span class='ocrx_word' id='word_1_54' title='bbox 1653 1480 1692 1523; x_wconf 91' lang='lat' dir='ltr'><strong>re</strong></span> <span class='ocrx_word' id='word_1_55' title='bbox 1765 1504 1767 1511; x_wconf 29' lang='grc' dir='ltr'>ι</span> 
     </span>
     <span class='ocr_line' id='line_1_9' title="bbox 580 1582 1691 1672; baseline -0.002 -18"><span class='ocrx_word' id='word_1_56' title='bbox 580 1589 715 1655; x_wconf 76' lang='lat' dir='ltr'><strong>olfacto</strong></span> <span class='ocrx_word' id='word_1_57' title='bbox 733 1587 836 1652; x_wconf 86' lang='lat' dir='ltr'><strong>fidem</strong></span> <span class='ocrx_word' id='word_1_58' title='bbox 856 1587 1033 1652; x_wconf 90' lang='lat' dir='ltr'><strong>mendacio</strong></span> <span class='ocrx_word' id='word_1_59' title='bbox 1053 1587 1267 1667; x_wconf 84' lang='lat' dir='ltr'><strong>conciliavit;</strong></span> <span class='ocrx_word' id='word_1_60' title='bbox 1287 1589 1350 1671; x_wconf 92' lang='lat' dir='ltr'><strong>qui</strong></span> <span class='ocrx_word' id='word_1_61' title='bbox 1368 1590 1510 1672; x_wconf 91' lang='lat' dir='ltr'><strong>quidem</strong></span> <span class='ocrx_word' id='word_1_62' title='bbox 1527 1582 1691 1672; x_wconf 74' lang='lat' dir='ltr'><strong>fateatur,</strong></span> 
     </span>
     <span class='ocr_line' id='line_1_10' title="bbox 583 1717 1692 1801; baseline -0.003 -17"><span class='ocrx_word' id='word_1_63' title='bbox 583 1718 738 1784; x_wconf 80' lang='lat' dir='ltr'><strong>undecim</strong></span> <span class='ocrx_word' id='word_1_64' title='bbox 756 1717 1307 1800; x_wconf 81' lang='lat' dir='ltr'><strong>tantummodoHypercalypseos</strong></span> <span class='ocrx_word' id='word_1_65' title='bbox 1323 1723 1478 1801; x_wconf 82' lang='lat' dir='ltr'><strong>capitum</strong></span> <span class='ocrx_word' id='word_1_66' title='bbox 1488 1728 1692 1801; x_wconf 83' lang='lat' dir='ltr'><strong>potestatem</strong></span> 
     </span>
     <span class='ocr_line' id='line_1_11' title="bbox 582 1848 1690 1934; baseline 0 -20"><span class='ocrx_word' id='word_1_67' title='bbox 582 1849 793 1931; x_wconf 82' lang='lat' dir='ltr'><strong>ribisoctum</strong></span> <span class='ocrx_word' id='word_1_68' title='bbox 805 1848 939 1930; x_wconf 75' lang='lat' dir='ltr'><strong>fuisse5</strong></span> <span class='ocrx_word' id='word_1_69' title='bbox 960 1851 1128 1934; x_wconf 80' lang='lat' dir='ltr'><strong>quocirca</strong></span> <span class='ocrx_word' id='word_1_70' title='bbox 1142 1850 1239 1914; x_wconf 82' lang='lat' dir='ltr'><strong>baud</strong></span> <span class='ocrx_word' id='word_1_71' title='bbox 1254 1854 1337 1914; x_wconf 85' lang='lat' dir='ltr'><strong>sutis</strong></span> <span class='ocrx_word' id='word_1_72' title='bbox 1350 1852 1553 1934; x_wconf 76' lang='lat' dir='ltr'><strong>exploratus</strong></span> <span class='ocrx_word' id='word_1_73' title='bbox 1566 1848 1690 1915; x_wconf 83' lang='lat' dir='ltr'><strong>habere</strong></span> 
     </span>
     <span class='ocr_line' id='line_1_12' title="bbox 581 1979 1691 2066; baseline 0.002 -23"><span class='ocrx_word' id='word_1_74' title='bbox 581 1981 737 2062; x_wconf 78' lang='lat' dir='ltr'><strong>singulas</strong></span> <span class='ocrx_word' id='word_1_75' title='bbox 767 1979 976 2066; x_wconf 54' lang='lat' dir='ltr'><strong>dilueretur:</strong></span> <span class='ocrx_word' id='word_1_76' title='bbox 1009 2000 1139 2059; x_wconf 80' lang='lat' dir='ltr'><strong>verum,</strong></span> <span class='ocrx_word' id='word_1_77' title='bbox 1171 2000 1195 2042; x_wconf 86' lang='grc' dir='ltr'><em>α</em></span> <span class='ocrx_word' id='word_1_78' title='bbox 1221 2001 1274 2044; x_wconf 88' lang='lat' dir='ltr'><strong>me</strong></span> <span class='ocrx_word' id='word_1_79' title='bbox 1309 2001 1377 2043; x_wconf 89' lang='lat' dir='ltr'><strong>uno</strong></span> <span class='ocrx_word' id='word_1_80' title='bbox 1410 1979 1555 2044; x_wconf 81' lang='lat' dir='ltr'><strong>obtineri</strong></span> <span class='ocrx_word' id='word_1_81' title='bbox 1580 2001 1691 2062; x_wconf 84' lang='lat' dir='ltr'><strong>posse.</strong></span> 
     </span>
     <span class='ocr_line' id='line_1_13' title="bbox 581 2107 1694 2195; baseline -0.001 -21"><span class='ocrx_word' id='word_1_82' title='bbox 581 2109 670 2175; x_wconf 87' lang='lat' dir='ltr'><strong>Mihi</strong></span> <span class='ocrx_word' id='word_1_83' title='bbox 692 2108 808 2190; x_wconf 89' lang='lat' dir='ltr'><strong>itaque</strong></span> <span class='ocrx_word' id='word_1_84' title='bbox 828 2109 1072 2171; x_wconf 86' lang='lat' dir='ltr'><strong>maturandum</strong></span> <span class='ocrx_word' id='word_1_85' title='bbox 1093 2107 1246 2188; x_wconf 85' lang='lat' dir='ltr'><strong>videtur,</strong></span> <span class='ocrx_word' id='word_1_86' title='bbox 1266 2117 1304 2171; x_wconf 93' lang='lat' dir='ltr'><strong>ut</strong></span> <span class='ocrx_word' id='word_1_87' title='bbox 1319 2109 1592 2194; x_wconf 86' lang='lat' dir='ltr'><strong>Hyperoalypsis</strong></span> <span class='ocrx_word' id='word_1_88' title='bbox 1608 2131 1694 2195; x_wconf 85' lang='lat' dir='ltr'><strong>pro-</strong></span> 
     </span>
     <span class='ocr_line' id='line_1_14' title="bbox 582 2237 1692 2320; baseline 0.002 -18"><span class='ocrx_word' id='word_1_89' title='bbox 582 2239 675 2320; x_wconf 87' lang='lat' dir='ltr'><strong>deat,</strong></span> <span class='ocrx_word' id='word_1_90' title='bbox 697 2250 770 2301; x_wconf 88' lang='lat' dir='ltr'><strong>tum</strong></span> <span class='ocrx_word' id='word_1_91' title='bbox 794 2239 972 2302; x_wconf 82' lang='lat' dir='ltr'><strong>Hebraicae</strong></span> <span class='ocrx_word' id='word_1_92' title='bbox 1003 2237 1167 2301; x_wconf 80' lang='lat' dir='ltr'><strong>latinitati</strong></span> <span class='ocrx_word' id='word_1_93' title='bbox 1193 2258 1263 2302; x_wconf 84' lang='lat' dir='ltr'><strong>suae</strong></span> <span class='ocrx_word' id='word_1_94' title='bbox 1290 2238 1465 2319; x_wconf 79' lang='lat' dir='ltr'><strong>restituta3</strong></span> <span class='ocrx_word' id='word_1_95' title='bbox 1492 2249 1567 2303; x_wconf 92' lang='lat' dir='ltr'><strong>tum</strong></span> <span class='ocrx_word' id='word_1_96' title='bbox 1594 2244 1692 2305; x_wconf 88' lang='lat' dir='ltr'><strong>nuda</strong></span> 
     </span>
     <span class='ocr_line' id='line_1_15' title="bbox 581 2365 1694 2452; baseline 0 -19"><span class='ocrx_word' id='word_1_97' title='bbox 581 2381 682 2451; x_wconf 88' lang='lat' dir='ltr'><strong>atque</strong></span> <span class='ocrx_word' id='word_1_98' title='bbox 709 2367 862 2450; x_wconf 90' lang='lat' dir='ltr'><strong>integra,</strong></span> <span class='ocrx_word' id='word_1_99' title='bbox 890 2365 1102 2449; x_wconf 89' lang='lat' dir='ltr'><strong>minimeque</strong></span> <span class='ocrx_word' id='word_1_100' title='bbox 1131 2367 1237 2431; x_wconf 82' lang='lat' dir='ltr'><strong>noxia</strong></span> <span class='ocrx_word' id='word_1_101' title='bbox 1267 2366 1570 2452; x_wconf 84' lang='lat' dir='ltr'><strong>objurgationibus</strong></span> <span class='ocrx_word' id='word_1_102' title='bbox 1596 2391 1694 2435; x_wconf 92' lang='lat' dir='ltr'><strong>com-</strong></span> 
     </span>
     <span class='ocr_line' id='line_1_16' title="bbox 557 2493 1706 2582; baseline -0.001 -19"><span class='ocrx_word' id='word_1_103' title='bbox 557 2497 762 2564; x_wconf 83' lang='lat' dir='ltr'><strong>·menticiis.</strong></span> <span class='ocrx_word' id='word_1_104' title='bbox 803 2494 874 2561; x_wconf 89' lang='lat' dir='ltr'><strong>Etsi</strong></span> <span class='ocrx_word' id='word_1_105' title='bbox 891 2515 1028 2576; x_wconf 91' lang='lat' dir='ltr'><strong>vereor,</strong></span> <span class='ocrx_word' id='word_1_106' title='bbox 1052 2514 1096 2559; x_wconf 90' lang='lat' dir='ltr'><strong>ne</strong></span> <span class='ocrx_word' id='word_1_107' title='bbox 1121 2496 1213 2561; x_wconf 88' lang='lat' dir='ltr'><strong>idem</strong></span> <span class='ocrx_word' id='word_1_108' title='bbox 1238 2498 1318 2574; x_wconf 90' lang='lat' dir='ltr'><strong>ille,</strong></span> <span class='ocrx_word' id='word_1_109' title='bbox 1335 2499 1398 2582; x_wconf 92' lang='lat' dir='ltr'><strong>qui</strong></span> <span class='ocrx_word' id='word_1_110' title='bbox 1422 2521 1505 2564; x_wconf 86' lang='lat' dir='ltr'><strong>meae</strong></span> <span class='ocrx_word' id='word_1_111' title='bbox 1529 2493 1706 2563; x_wconf 83' lang='lat' dir='ltr'><strong>libellum</strong></span> 
     </span>
     <span class='ocr_line' id='line_1_17' title="bbox 581 2626 1692 2713; baseline 0.002 -19"><span class='ocrx_word' id='word_1_112' title='bbox 581 2628 664 2694; x_wconf 87' lang='lat' dir='ltr'><strong>fidei</strong></span> <span class='ocrx_word' id='word_1_113' title='bbox 693 2627 926 2707; x_wconf 83' lang='lat' dir='ltr'><strong>commiserat,</strong></span> <span class='ocrx_word' id='word_1_114' title='bbox 953 2626 1146 2690; x_wconf 85' lang='lat' dir='ltr'><strong>dissensum</strong></span> <span class='ocrx_word' id='word_1_115' title='bbox 1169 2627 1397 2713; x_wconf 87' lang='lat' dir='ltr'><strong>profiteatur:</strong></span> <span class='ocrx_word' id='word_1_116' title='bbox 1424 2640 1538 2695; x_wconf 89' lang='lat' dir='ltr'><strong>tamen</strong></span> <span class='ocrx_word' id='word_1_117' title='bbox 1560 2630 1591 2694; x_wconf 93' lang='lat' dir='ltr'><strong>si</strong></span> <span class='ocrx_word' id='word_1_118' title='bbox 1613 2650 1692 2712; x_wconf 79' lang='lat' dir='ltr'><strong>quae</strong></span> 
     </span>
     <span class='ocr_line' id='line_1_18' title="bbox 580 2757 1692 2842; baseline -0.001 -18"><span class='ocrx_word' id='word_1_119' title='bbox 580 2760 676 2825; x_wconf 75' lang='lat' dir='ltr'><strong>uenit</strong></span> <span class='ocrx_word' id='word_1_120' title='bbox 697 2779 739 2824; x_wconf 81' lang='lat' dir='ltr'><strong>ex</strong></span> <span class='ocrx_word' id='word_1_121' title='bbox 759 2757 973 2838; x_wconf 86' lang='lat' dir='ltr'><strong>necessitate,</strong></span> <span class='ocrx_word' id='word_1_122' title='bbox 993 2779 1067 2821; x_wconf 90' lang='lat' dir='ltr'><strong>non</strong></span> <span class='ocrx_word' id='word_1_123' title='bbox 1088 2779 1185 2841; x_wconf 86' lang='lat' dir='ltr'><strong>aequa</strong></span> <span class='ocrx_word' id='word_1_124' title='bbox 1207 2763 1327 2842; x_wconf 92' lang='lat' dir='ltr'><strong>modo,</strong></span> <span class='ocrx_word' id='word_1_125' title='bbox 1347 2764 1407 2824; x_wconf 92' lang='lat' dir='ltr'><strong>sed</strong></span> <span class='ocrx_word' id='word_1_126' title='bbox 1429 2763 1485 2826; x_wconf 90' lang='lat' dir='ltr'><strong>vel</strong></span> <span class='ocrx_word' id='word_1_127' title='bbox 1499 2761 1692 2839; x_wconf 87' lang='lat' dir='ltr'><strong>justissima</strong></span> 
     </span>
     <span class='ocr_line' id='line_1_19' title="bbox 581 2880 1692 2975; baseline 0.002 -21"><span class='ocrx_word' id='word_1_128' title='bbox 581 2899 630 2954; x_wconf 91' lang='lat' dir='ltr'><strong>est</strong></span> <span class='ocrx_word' id='word_1_129' title='bbox 649 2889 845 2954; x_wconf 82' lang='lat' dir='ltr'><strong>excusatio:</strong></span> <span class='ocrx_word' id='word_1_130' title='bbox 867 2888 1055 2972; x_wconf 78' lang='lat' dir='ltr'><strong>praesertim</strong></span> <span class='ocrx_word' id='word_1_131' title='bbox 1074 2911 1152 2952; x_wconf 93' lang='lat' dir='ltr'><strong>cum</strong></span> <span class='ocrx_word' id='word_1_132' title='bbox 1173 2891 1211 2953; x_wconf 89' lang='lat' dir='ltr'><strong>id</strong></span> <span class='ocrx_word' id='word_1_133' title='bbox 1229 2895 1323 2975; x_wconf 90' lang='lat' dir='ltr'><strong>quod</strong></span> <span class='ocrx_word' id='word_1_134' title='bbox 1341 2892 1405 2957; x_wconf 91' lang='lat' dir='ltr'><strong>alii</strong></span> <span class='ocrx_word' id='word_1_135' title='bbox 1423 2904 1572 2974; x_wconf 73' lang='lat' dir='ltr'><strong>quaestus</strong></span> <span class='ocrx_word' id='word_1_136' title='bbox 1589 2880 1692 2958; x_wconf 89' lang='lat' dir='ltr'><strong>causa</strong></span> 
     </span>
     <span class='ocr_line' id='line_1_20' title="bbox 579 2989 1716 3107; baseline 0.003 -23"><span class='ocrx_word' id='word_1_137' title='bbox 579 3028 740 3107; x_wconf 76' lang='lat' dir='ltr'><strong>egerunt3</strong></span> <span class='ocrx_word' id='word_1_138' title='bbox 761 3037 824 3082; x_wconf 87' lang='lat' dir='ltr'><strong>nos</strong></span> <span class='ocrx_word' id='word_1_139' title='bbox 845 3016 987 3081; x_wconf 79' lang='lat' dir='ltr'><strong>invidiae</strong></span> <span class='ocrx_word' id='word_1_140' title='bbox 1013 3018 1217 3082; x_wconf 77' lang='lat' dir='ltr'><strong>detestandae</strong></span> <span class='ocrx_word' id='word_1_141' title='bbox 1232 3020 1361 3105; x_wconf 86' lang='lat' dir='ltr'><strong>gratia,</strong></span> <span class='ocrx_word' id='word_1_142' title='bbox 1388 3025 1561 3087; x_wconf 89' lang='lat' dir='ltr'><strong>destruere</strong></span> <span class='ocrx_word' id='word_1_143' title='bbox 1590 2989 1716 3088; x_wconf 21' lang='lat' dir='ltr'><strong>cone-i</strong></span> 
     </span>
     <span class='ocr_line' id='line_1_21' title="bbox 582 3143 1691 3237; baseline 0.001 -21"><span class='ocrx_word' id='word_1_144' title='bbox 582 3172 670 3217; x_wconf 83' lang='lat' dir='ltr'><strong>mur.</strong></span> <span class='ocrx_word' id='word_1_145' title='bbox 711 3151 755 3214; x_wconf 76' lang='lat' dir='ltr'><strong>At</strong></span> <span class='ocrx_word' id='word_1_146' title='bbox 783 3147 1029 3232; x_wconf 86' lang='lat' dir='ltr'><strong>exemplarium</strong></span> <span class='ocrx_word' id='word_1_147' title='bbox 1063 3170 1135 3215; x_wconf 90' lang='lat' dir='ltr'><strong>non</strong></span> <span class='ocrx_word' id='word_1_148' title='bbox 1165 3151 1318 3235; x_wconf 91' lang='lat' dir='ltr'><strong>amplius</strong></span> <span class='ocrx_word' id='word_1_149' title='bbox 1345 3143 1553 3233; x_wconf 70' lang='lat' dir='ltr'><strong>quam&#39;ch</strong></span> <span class='ocrx_word' id='word_1_150' title='bbox 1580 3156 1691 3237; x_wconf 89' lang='lat' dir='ltr'><strong>proelo</strong></span> 
     </span>
     <span class='ocr_line' id='line_1_22' title="bbox 583 3279 1693 3366; baseline 0.003 -21"><span class='ocrx_word' id='word_1_151' title='bbox 583 3280 735 3346; x_wconf 75' lang='lat' dir='ltr'><strong>tradidit</strong></span> <span class='ocrx_word' id='word_1_152' title='bbox 755 3279 820 3344; x_wconf 90' lang='lat' dir='ltr'><strong>hac</strong></span> <span class='ocrx_word' id='word_1_153' title='bbox 841 3280 972 3353; x_wconf 88' lang='lat' dir='ltr'><strong>scilicet</strong></span> <span class='ocrx_word' id='word_1_154' title='bbox 994 3291 1132 3363; x_wconf 88' lang='lat' dir='ltr'><strong>mente,</strong></span> <span class='ocrx_word' id='word_1_155' title='bbox 1158 3291 1196 3345; x_wconf 92' lang='lat' dir='ltr'><strong>ut</strong></span> <span class='ocrx_word' id='word_1_156' title='bbox 1223 3281 1356 3345; x_wconf 87' lang='lat' dir='ltr'><strong>sincera</strong></span> <span class='ocrx_word' id='word_1_157' title='bbox 1386 3283 1459 3346; x_wconf 86' lang='lat' dir='ltr'><strong>haec</strong></span> <span class='ocrx_word' id='word_1_158' title='bbox 1483 3283 1611 3366; x_wconf 90' lang='lat' dir='ltr'><strong>editio,</strong></span> <span class='ocrx_word' id='word_1_159' title='bbox 1632 3288 1693 3348; x_wconf 81' lang='lat' dir='ltr'><strong>ab·</strong></span> 
     </span>
     <span class='ocr_line' id='line_1_23' title="bbox 581 3410 1691 3499; baseline 0 -21"><span class='ocrx_word' id='word_1_160' title='bbox 581 3413 732 3498; x_wconf 78' lang='lat' dir='ltr'><strong>repticiae</strong></span> <span class='ocrx_word' id='word_1_161' title='bbox 755 3412 925 3478; x_wconf 85' lang='lat' dir='ltr'><strong>versionis</strong></span> <span class='ocrx_word' id='word_1_162' title='bbox 949 3411 1231 3477; x_wconf 80' lang='lat' dir='ltr'><strong>inverecundiam</strong></span> <span class='ocrx_word' id='word_1_163' title='bbox 1257 3410 1367 3499; x_wconf 86' lang='lat' dir='ltr'><strong>magis</strong></span> <span class='ocrx_word' id='word_1_164' title='bbox 1394 3434 1557 3498; x_wconf 87' lang='lat' dir='ltr'><strong>arguere,</strong></span> <span class='ocrx_word' id='word_1_165' title='bbox 1585 3435 1691 3496; x_wconf 90' lang='lat' dir='ltr'><strong>quam</strong></span> 
     </span>
     <span class='ocr_line' id='line_1_24' title="bbox 581 3541 1693 3630; baseline 0.002 -24"><span class='ocrx_word' id='word_1_166' title='bbox 581 3542 818 3609; x_wconf 81' lang='lat' dir='ltr'><strong>auctoritatem</strong></span> <span class='ocrx_word' id='word_1_167' title='bbox 839 3544 993 3629; x_wconf 86' lang='lat' dir='ltr'><strong>aliquam</strong></span> <span class='ocrx_word' id='word_1_168' title='bbox 1012 3541 1217 3630; x_wconf 80' lang='lat' dir='ltr'><strong>ambagibus</strong></span> <span class='ocrx_word' id='word_1_169' title='bbox 1233 3541 1381 3629; x_wconf 88' lang='lat' dir='ltr'><strong>Didymi</strong></span> <span class='ocrx_word' id='word_1_170' title='bbox 1402 3541 1555 3606; x_wconf 88' lang='lat' dir='ltr'><strong>tribuere</strong></span> <span class='ocrx_word' id='word_1_171' title='bbox 1575 3543 1693 3608; x_wconf 85' lang='lat' dir='ltr'><strong>videa·</strong></span> 
     </span>
     <span class='ocr_line' id='line_1_25' title="bbox 584 3686 651 3740; baseline 0.03 -2"><span class='ocrx_word' id='word_1_172' title='bbox 584 3686 651 3740; x_wconf 71' lang='lat' dir='ltr'><strong>lut·</strong></span> 
     </span>
    </p>

    <p class='ocr_par' dir='ltr' id='par_1_5' title="bbox 580 3805 1693 4156">
     <span class='ocr_line' id='line_1_26' title="bbox 666 3805 1691 3894; baseline -0.002 -22"><span class='ocrx_word' id='word_1_173' title='bbox 666 3809 875 3874; x_wconf 76' lang='lat' dir='ltr'><strong>Moamrrsu</strong></span> <span class='ocrx_word' id='word_1_174' title='bbox 899 3807 1062 3892; x_wconf 87' lang='lat' dir='ltr'><strong>equidem</strong></span> <span class='ocrx_word' id='word_1_175' title='bbox 1087 3827 1268 3894; x_wconf 86' lang='lat' dir='ltr'><strong>magnam,</strong></span> <span class='ocrx_word' id='word_1_176' title='bbox 1295 3805 1460 3888; x_wconf 72' lang='lat' dir='ltr'><strong>mituli,</strong></span> <span class='ocrx_word' id='word_1_177' title='bbox 1482 3826 1522 3871; x_wconf 82' lang='lat' dir='ltr'><strong>ac</strong></span> <span class='ocrx_word' id='word_1_178' title='bbox 1545 3805 1691 3871; x_wconf 89' lang='lat' dir='ltr'><strong>minime</strong></span> 
     </span>
     <span class='ocr_line' id='line_1_27' title="bbox 580 3935 1693 4025; baseline -0.004 -23"><span class='ocrx_word' id='word_1_179' title='bbox 580 3935 797 4022; x_wconf 71' lang='lat' dir='ltr'><strong>profuturam</strong></span> <span class='ocrx_word' id='word_1_180' title='bbox 810 3939 995 4005; x_wconf 84' lang='lat' dir='ltr'><strong>arbitrator</strong></span> <span class='ocrx_word' id='word_1_181' title='bbox 1010 3938 1182 4025; x_wconf 87' lang='lat' dir='ltr'><strong>suscipere</strong></span> <span class='ocrx_word' id='word_1_182' title='bbox 1195 3939 1309 4016; x_wconf 86' lang='lat' dir='ltr'><strong>illum,</strong></span> <span class='ocrx_word' id='word_1_183' title='bbox 1320 3937 1382 4021; x_wconf 92' lang='lat' dir='ltr'><strong>qui</strong></span> <span class='ocrx_word' id='word_1_184' title='bbox 1391 3937 1693 4024; x_wconf 82' lang='lat' dir='ltr'><strong>Hypercalypseos</strong></span> 
     </span>
     <span class='ocr_line' id='line_1_28' title="bbox 582 4066 1693 4156; baseline -0.004 -25"><span class='ocrx_word' id='word_1_185' title='bbox 582 4066 753 4132; x_wconf 84' lang='lat' dir='ltr'><strong>rationem</strong></span> <span class='ocrx_word' id='word_1_186' title='bbox 765 4071 907 4134; x_wconf 83' lang='lat' dir='ltr'><strong>reddere</strong></span> <span class='ocrx_word' id='word_1_187' title='bbox 919 4069 1137 4156; x_wconf 78' lang='lat' dir='ltr'><strong>professurus</strong></span> <span class='ocrx_word' id='word_1_188' title='bbox 1146 4068 1201 4134; x_wconf 79' lang='lat' dir='ltr'><strong>sit.</strong></span> <span class='ocrx_word' id='word_1_189' title='bbox 1222 4068 1306 4146; x_wconf 83' lang='lat' dir='ltr'><strong>Etsi,</strong></span> <span class='ocrx_word' id='word_1_190' title='bbox 1315 4077 1348 4131; x_wconf 90' lang='lat' dir='ltr'><strong>et</strong></span> <span class='ocrx_word' id='word_1_191' title='bbox 1356 4086 1435 4131; x_wconf 86' lang='lat' dir='ltr'><strong>suas</strong></span> <span class='ocrx_word' id='word_1_192' title='bbox 1446 4067 1557 4131; x_wconf 87' lang='lat' dir='ltr'><strong>inesse</strong></span> <span class='ocrx_word' id='word_1_193' title='bbox 1566 4066 1693 4147; x_wconf 89' lang='lat' dir='ltr'><strong>cuique</strong></span> 
     </span>
    </p>
   </div>
   <div class='ocr_carea' id='block_1_4' title="bbox 478 4196 1693 4287">
    <p class='ocr_par' dir='ltr' id='par_1_6' title="bbox 478 4196 1693 4287">
     <span class='ocr_line' id='line_1_29' title="bbox 478 4196 1693 4287; baseline -0.004 -25"><span class='ocrx_word' id='word_1_194' title='bbox 478 4224 482 4231; x_wconf 63' lang='lat'>¹</span> <span class='ocrx_word' id='word_1_195' title='bbox 580 4198 750 4263; x_wconf 81' lang='lat' dir='ltr'><strong>uocabulo</strong></span> <span class='ocrx_word' id='word_1_196' title='bbox 772 4196 1059 4287; x_wconf 85' lang='lat' dir='ltr'><strong>significationes,</strong></span> <span class='ocrx_word' id='word_1_197' title='bbox 1085 4219 1211 4283; x_wconf 80' lang='lat' dir='ltr'><strong>easque</strong></span> <span class='ocrx_word' id='word_1_198' title='bbox 1233 4197 1509 4285; x_wconf 88' lang='lat' dir='ltr'><strong>intelligentibus</strong></span> <span class='ocrx_word' id='word_1_199' title='bbox 1530 4197 1693 4281; x_wconf 85' lang='lat' dir='ltr'><strong>pulcher·</strong></span> 
     </span>
    </p>
   </div>
   <div class='ocr_carea' id='block_1_5' title="bbox 580 4326 1694 4415">
    <p class='ocr_par' dir='ltr' id='par_1_7' title="bbox 580 4326 1694 4415">
     <span class='ocr_line' id='line_1_30' title="bbox 580 4326 1694 4415; baseline -0.008 -18"><span class='ocrx_word' id='word_1_200' title='bbox 580 4330 670 4397; x_wconf 81' lang='lat' dir='ltr'><strong>rime</strong></span> <span class='ocrx_word' id='word_1_201' title='bbox 697 4329 870 4415; x_wconf 78' lang='lat' dir='ltr'><strong>patefieri,</strong></span> <span class='ocrx_word' id='word_1_202' title='bbox 900 4330 1003 4397; x_wconf 86' lang='lat' dir='ltr'><strong>multi</strong></span> <span class='ocrx_word' id='word_1_203' title='bbox 1031 4330 1161 4398; x_wconf 83' lang='lat' dir='ltr'><strong>luerint</strong></span> <span class='ocrx_word' id='word_1_204' title='bbox 1184 4329 1248 4414; x_wconf 81' lang='lat' dir='ltr'><strong>qui</strong></span> <span class='ocrx_word' id='word_1_205' title='bbox 1265 4348 1406 4414; x_wconf 86' lang='lat' dir='ltr'><strong>prorsus</strong></span> <span class='ocrx_word' id='word_1_206' title='bbox 1426 4326 1694 4392; x_wconf 72' lang='lat' dir='ltr'><strong>arbitrarentur:</strong></span> 
     </span>
    </p>
   </div>
   <div class='ocr_carea' id='block_1_6' title="bbox 0 0 1788 5364">
    <p class='ocr_par' dir='ltr' id='par_1_8' title="bbox 0 0 1788 5364">
     <span class='ocr_line' id='line_1_31' title="bbox 0 0 1788 5364; baseline 0 0"><span class='ocrx_word' id='word_1_207' title='bbox 0 0 1788 5364; x_wconf 95' lang='lat' dir='ltr'><strong> </strong></span> 
     </span>
    </p>
   </div>
  </div>
 </body>
</html>
