3562 5364
391 877 617 1006 orror
655 921 993 1005 oocrrrorr
1033 927 1382 1031 QoArrorr

384 1194 414 1243 1.
440 1170 817 1244 Eurocnomrcmr.
885 1169 1030 1244 Exorsa
1072 1184 1128 1246 est
1170 1162 1274 1248 enim
1317 1174 1441 1251 rabies

328 1318 582 1394 aemulationis
607 1319 707 1394 inter
729 1319 953 1394 Psorionam
979 1332 1018 1395 et
1044 1322 1191 1398 Ghoes:
1216 1326 1312 1398 alter
1337 1324 1441 1401 enim

329 1470 495 1544 malebat
533 1469 831 1545 Hieromomum
863 1471 1020 1546 laudare
1052 1499 1123 1572 pro
1156 1472 1308 1548 rostris:
1345 1477 1442 1550 alter

328 1647 421 1699 vero
453 1633 604 1697 cantare
628 1622 671 1697 in
696 1619 856 1720 strepitu
880 1621 960 1696 lirae
985 1622 1212 1722 epicedium.

381 1797 414 1846 α.
441 1771 624 1846 Psoriona
649 1784 778 1848 autem
808 1773 1013 1847 clamabatz
1039 1772 1144 1848 Audi
1175 1776 1323 1868 Ghoes3
1349 1775 1439 1875 quia

329 1922 691 1998 Nabuchodonosor
724 1947 791 1998 rex
821 1922 937 1998 trium
967 1924 1212 2026 Babylonum
1242 1925 1441 1999 const‘tuit

330 2100 392 2150 me
430 2075 630 2149 doctorem
669 2074 875 2176 Synagogae
912 2101 987 2149 suae
1026 2074 1220 2151 minimae:
1267 2076 1438 2176 quisquis
1551 2076 1552 2079 ’

329 2225 446 2322 igitur
477 2225 665 2325 respuerit
692 2225 831 2326 scripta
856 2251 965 2320 mea,
999 2221 1201 2327 majestatis
1230 2251 1318 2301 reus
1344 2226 1438 2317 erit3

330 2375 472 2475 quippe
502 2376 570 2476 qui
595 2377 802 2474 subarguet
826 2376 1057 2494 ignorantiae
1078 2376 1440 2453 Nabuchodonosor

327 2549 478 2622 regem,
505 2525 574 2624 qui
598 2551 661 2600 me
675 2486 884 2602 ‘constituit
910 2529 1117 2609 doctorem.

378 2681 413 2753 3.
441 2676 570 2752 Ghoes
595 2690 724 2752 autem
750 2677 958 2752 clamabat:
994 2677 1095 2772 Sile,
1130 2673 1188 2752 fili
1215 2674 1438 2770 Phthoniae3

330 2826 420 2927 quia
446 2827 636 2903 orationes
662 2840 735 2904 tuae
757 2826 957 2902 ambulant
979 2827 1235 2928 pedetentim
1269 2827 1438 2902 carmina

327 3003 421 3054 vero
448 3003 533 3052 mea
553 2978 689 3077 pennis
714 2977 937 3054 volucribus
963 2971 1113 3055 volanti
1139 2977 1283 3053 idcirco
1310 2977 1439 3052 Nabu-

330 3130 573 3203 chodonosor
606 3154 673 3203 rex
703 3129 900 3204 constituit
934 3154 996 3204 me
1025 3136 1240 3229 praeconem
1270 3129 1439 3204 nominis

328 3279 409 3374 sui,
449 3293 494 3354 ut
519 3274 774 3354 confiteantur
802 3305 891 3354 eum
916 3279 1053 3378 populi
1080 3305 1234 3355 omnes:
1268 3280 1439 3379 quisquis

328 3429 444 3528 igitur
470 3431 630 3506 antefert
655 3430 845 3504 orationes
871 3455 955 3502 suas
980 3428 1171 3528 pedestres
1198 3428 1439 3502 cantionibus
1573 3501 1575 3504 ,

328 3580 450 3674 meis,
489 3582 650 3657 antefert
682 3579 845 3678 gloriam
878 3605 986 3652 suam
1019 3577 1148 3676 gloriae
1183 3578 1438 3652 Nabuchodo-

327 3757 444 3806 nosor
469 3733 586 3830 regis:
613 3746 655 3807 tu
680 3758 771 3830 ergo
799 3726 1001 3832 majestatis
1026 3751 1114 3805 reus
1141 3729 1223 3805 eris.

377 3900 413 3970 4.
446 3884 539 3958 Haec
577 3909 647 3980 ego
682 3883 873 3983 Didymus
908 3879 1038 3956 audivi
1072 3880 1114 3955 in
1150 3881 1299 3956 visione
1333 3887 1440 3978 argar-

327 4044 457 4108 menta
485 4032 763 4109 incredibiliter
795 4057 907 4107 vera:
941 4031 1118 4104 futurum
1152 4043 1207 4106 est
1238 4033 1367 4131 itaque
1394 4044 1440 4106 ut

280 4207 283 4213 ·
328 4183 525 4257 tradantur
581 4184 734 4258 laudata
794 4177 1006 4282 posteritati
1059 4206 1129 4281 per
1180 4182 1439 4257 hebdomadas

327 4306 569 4434 Polygrophi.
