3562 5364
491 570 513 638 6

546 748 580 825 5.
605 751 656 824 Et
681 747 832 824 comedi
857 734 998 822 ficum:
1033 755 1072 821 et
1099 745 1220 820 sactus
1250 756 1306 821 est
1333 744 1376 822 in
1406 770 1473 822 ore
1498 770 1608 844 meo,

497 903 596 978 sicut
621 907 717 996 mel,
746 898 878 973 dulcis.

550 1052 582 1129 6.
609 1056 680 1126 Illa
709 1066 837 1126 autern
866 1047 1037 1150 porrexit
1065 1035 1153 1124 ante
1183 1074 1245 1125 me
1276 1050 1469 1124 calathum
1498 1077 1612 1127 vacu-

498 1233 576 1278 um.
617 1205 682 1276 -Et
710 1203 770 1278 vir
795 1200 968 1276 militaris
993 1199 1089 1273 dixit
1113 1200 1162 1273 ad
1189 1224 1274 1273 me:
1315 1199 1356 1274 si
1380 1202 1612 1300 plantaveris

498 1353 651 1430 vineam
674 1366 711 1428 et
731 1354 939 1428 fructetum
963 1362 1099 1428 venter
1125 1362 1212 1424 tuus
1237 1350 1426 1451 quiescet,
1453 1364 1493 1428 et
1512 1351 1614 1451 cogi-

499 1496 665 1580 tationes
688 1517 760 1579 tuoe
786 1505 1033 1579 sanabuntur.
1144 1558 1150 1567 .

551 1683 585 1754 7.
611 1657 686 1731 Fac
712 1668 757 1730 ut
782 1620 955 1730 calathus
969 1656 1040 1730 iste
1062 1680 1178 1754 quem
1199 1677 1270 1750 ego
1294 1651 1345 1725 do
1366 1651 1438 1726 tibi
1458 1651 1613 1753 implea-

501 1818 564 1880 tur
589 1782 728 1881 sudore
755 1820 793 1882 et
816 1808 949 1881 labore
974 1818 1043 1880 tuo
1068 1805 1111 1880 in
1137 1803 1297 1878 nomine
1326 1803 1413 1877 Dei.

551 1957 585 2031 8.
613 1957 722 2061 Quid
742 1958 846 2034 enirn
869 1958 1070 2058 resupinus
1092 1966 1265 2056 expectas
1286 1965 1448 2031 ventum
1470 1963 1509 2028 et
1524 1933 1614 2052 'pro-

501 2109 637 2181 cellam
664 2121 708 2181 ut
733 2104 912 2209 dejiciant
936 2109 1083 2183 fructus
1104 2109 1147 2183 in
1169 2132 1210 2179 os
1232 2102 1371 2180 tuum?
1394 2129 1552 2180 somnus
1576 2110 1615 2177 et

501 2282 604 2331 mors
631 2259 918 2358 deprehendent
941 2259 1109 2334 animam
1134 2271 1252 2334 tuam.

746 2597 972 2676 CAPUT
1015 2600 1365 2703 QUARTUM

555 2880 585 2929 1.
611 2856 799 2932 Posrrrnc
815 2885 970 2940 exorsus
989 2873 1045 2935 est
1064 2860 1204 2935 iterum
1227 2863 1384 2957 clangor
1400 2883 1522 2934 cornu
1537 2855 1615 2934 viri

501 3003 699 3101 militaris,
736 3019 773 3082 et
804 3009 935 3086 audivi
960 2992 1099 3087 vocem
1123 3008 1251 3084 illius:
1284 3011 1407 3084 stabat
1434 3009 1539 3086 enim
1564 3009 1614 3083 ad

502 3155 644 3229 ostium
669 3159 854 3258 praesepis.

551 3333 584 3382 a.
611 3310 889 3388 Verumtamen
910 3311 1051 3403 ‘melior
1078 3324 1134 3388 est
1157 3338 1313 3387 somnus
1346 3340 1462 3412 quam
1489 3312 1613 3386 frausz

412 3502 420 3515 x
501 3456 639 3530 melior
661 3471 716 3533 est
741 3487 842 3534 mors
868 3461 956 3538 vitae
982 3489 1097 3560 quam
1119 3466 1263 3536 malum
1285 3489 1430 3538 nomen
1451 3474 1489 3538 et
1507 3462 1616 3559 igno-

500 3606 644 3680 minia:
678 3610 869 3708 optimum
902 3624 1029 3688 autern
1063 3614 1294 3688 manducare
1327 3638 1466 3713 panem
1497 3637 1614 3713 opera

501 3783 687 3832 manuum
715 3772 868 3835 tuarum
896 3774 933 3836 et
957 3763 1116 3861 vigilare
1143 3763 1185 3838 in
1210 3764 1343 3839 labore
1370 3764 1487 3838 bono.

550 3913 584 3985 3.
610 3909 880 4008 Expergisoere
894 3967 904 4004 ‚
939 3912 1127 4014 Didyme,
1155 3912 1430 4012 expergiscere:
1449 3939 1615 3990 conver·

499 4067 579 4134 tere
605 4062 738 4134 oculos
765 4063 811 4135 ad
838 4062 986 4137 lumina
1016 4042 1126 4157 coeli,
1164 4077 1203 4138 et
1226 4066 1275 4138 ad
1300 4064 1516 4139 Dominum
1544 4064 1613 4164 qui

501 4209 646 4285 creavit
665 4213 807 4284 coelum
830 4226 867 4287 et
891 4225 1048 4307 terram,
1076 4227 1113 4290 et
1134 4215 1333 4292 hominem
1355 4227 1400 4290 ut
1422 4177 1621 4292 desiderio

500 4360 588 4434 coeli
614 4377 835 4462 operaretur
861 4378 1009 4441 terram.
