3562 5364
1245 549 1285 614 27

223 705 282 785 26.
307 707 420 783 Tunc
448 704 510 784 vir
543 702 717 780 militaris
747 703 843 780 dixit
871 704 920 779 ad
952 731 1037 782 me:
1074 707 1187 807 Gigas
1216 709 1285 789 ille

172 857 330 934 indutus
363 862 506 936 vellere
535 857 655 935 verris
683 857 806 932 nescit
834 855 940 956 quod
968 859 1105 957 populi
1135 860 1283 937 sciunt:

170 1010 313 1093 etenim
336 1011 417 1110 ipse
440 1035 596 1109 quoque
617 1007 771 1083 tradidit
792 1008 1014 1106 magistrum
1037 1038 1150 1085 suurn
1170 1012 1285 1113 Syna-

170 1188 276 1259 gogae
308 1162 551 1235 Doctorum:
589 1162 776 1236 Baltassar
810 1161 991 1262 deceptus
1029 1188 1052 1235 a
1088 1162 1285 1264 synagoga

173 1312 279 1386 dedit
299 1311 471 1410 quinque
489 1310 610 1385 millia
627 1337 832 1386 aureorum
848 1311 1015 1411 pretium
1036 1312 1283 1411 proditionis,

172 1475 212 1538 et
233 1461 431 1536 constituit
448 1463 640 1561 gigantem
661 1463 882 1561 magistrum
908 1464 1185 1562 magistrorum.

225 1639 284 1711 27.
310 1613 366 1688 Hi
402 1626 491 1690 sunt
527 1613 602 1690 viri
639 1639 704 1689 sex
744 1641 840 1714 quos
874 1639 945 1713 ego
980 1614 1171 1716 Didymus
1203 1614 1285 1693 vidi
1319 1604 1328 1668 Ῐ

175 1763 409 1862 egredientes
435 1766 483 1842 de
509 1766 656 1866 cymba.

248 2122 473 2202 CAPUT
513 2123 851 2218 DECIMUM
892 2125 1214 2202 TERTIUM
1393 2147 1397 2156 ’

229 2400 259 2450 1.
284 2359 343 2449 Er
376 2376 478 2474 gigas
506 2377 574 2452 ille
604 2387 685 2450 erat
715 2373 1010 2475 sandapilarius':
1044 2386 1084 2449 et
1110 2373 1286 2474 deposuit

174 2526 358 2600 feretrum
384 2551 505 2625 prope
529 2527 682 2603 foveam
708 2525 894 2601 defossam
914 2527 963 2601 ab
985 2526 1176 2601 eunucho.

227 2701 260 2747 2.
285 2675 337 2748 Et
357 2701 446 2748 cum
468 2675 713 2752 subvertisset
733 2674 966 2775 sandapilam
985 2677 1034 2750 ad
1054 2670 1286 2776 ejiciendum
1308 2777 1310 2780 ι

174 2827 361 2920 cadaver,
396 2825 536 2924 agnovi
570 2826 869 2900 Hieromomum
903 2825 998 2899 olim
1027 2826 1285 2919 monachum,

177 2989 215 3050 et
235 2979 409 3077 lacrymae
433 2977 576 3050 obortae
597 2976 743 3052 suntin
760 2976 882 3050 oculis
900 2977 1015 3073 meis,
1043 2988 1081 3052 et
1096 2976 1287 3077 palpebrae

176 3151 270 3201 meae
296 3125 516 3223 caligavere.

224 3281 259 3354 3.
286 3278 521 3352 Recordatus
538 3304 623 3352 sum
640 3276 744 3353 enim
760 3243 913 3355 'dierum
930 3278 1158 3356 innocentiae
1173 3303 1285 3370 meae,

176 3439 216 3501 et
247 3430 352 3502 lusus
386 3428 557 3528 pueritiae
590 3441 753 3503 nostrae:
797 3442 835 3504 et
872 3456 1004 3505 omnes
1038 3410 1286 3526 cogitationes

175 3604 268 3653 mere
292 3579 418 3654 fractae
444 3591 534 3654 sunt
551 3579 678 3653 statim
699 3580 906 3657 formidine
927 3580 1059 3656 mortis
1079 3570 1238 3654 dternae.

144 3820 149 3825 .
225 3748 259 3818 4.
284 3729 336 3803 Et
369 3730 496 3806 velavi
526 3730 703 3806 manibus
734 3736 868 3807 oculos
896 3758 1002 3808 meos
1027 3723 1082 3806 ne
1102 3731 1201 3805 forte
1226 3727 1288 3804 vir

175 3878 350 3955 militaris
376 3880 613 3981 conspiceret
637 3881 836 3959 veritatem
863 3880 1091 3957 adflictionis
1116 3905 1228 3953 meae:

227 4032 359 4107 5.111e
393 4047 563 4108 scrutans
596 4034 803 4136 praecordia
836 4059 921 4108 mea
954 4030 1076 4104 dixit:
1126 4027 1289 4103 Initium

174 4179 334 4291 virtutis·
357 4184 643 4286 misericordia:
682 4177 976 4287 scriptumest:
1014 4180 1112 4258 Iusti
1154 4205 1288 4256 omnes

176 4333 439 4411 misericordes
473 4349 562 4410 sunt
578 4311 608 4429 ;η
631 4349 669 4414 et
703 4339 808 4413 Deus
842 4349 967 4412 custos
996 4332 1308 4409 misericordiane
1345 4358 1371 4414 .‘
1470 4400 1472 4404 Α
