3562 5364
1237 537 1271 573 11

158 686 316 770 quaedam
338 684 443 750 etiam
470 683 640 765 exquisita
665 687 848 768 anecdota,
868 693 908 748 ut
928 678 1048 765 ajunt,
1073 687 1270 765 conjectura
1320 717 1322 721 ¹

158 816 279 903 colligi
298 835 396 900 posse
417 814 675 898 pollicerentur.
704 814 767 878 alii
787 836 857 879 non
878 816 979 898 item3
1001 815 1162 898 quinimo
1181 816 1271 880 exis-

157 948 331 1013 timabunt
346 956 406 1011 aut
421 964 584 1024 scurram,
598 954 657 1007 aut
667 953 845 1028 aegrotum,
864 955 923 1009 aut
933 945 1114 1028 furentem,
1131 956 1165 1009 et
1182 966 1272 1027 quo·

157 1072 211 1144 ris
242 1079 348 1142 modo
373 1075 548 1140 inficetum
573 1075 773 1155 hominem,
795 1073 968 1154 jocularia
998 1075 1138 1140 fudisse.
1178 1076 1271 1140 Mihi

158 1218 273 1274 tamen
293 1211 337 1272 de
356 1208 423 1271 hoc
444 1216 577 1269 tantum
600 1205 726 1287 liquet,
748 1204 919 1268 rationem
943 1205 1121 1288 seripturae
1144 1205 1270 1289 hujus,

159 1338 322 1404 omnibus
346 1337 518 1417 numeris,
545 1357 608 1400 suo
637 1335 830 1401 consentire
859 1335 1031 1399 oonsilio:
1052 1336 1147 1417 quod
1167 1339 1270 1417 quale

157 1470 218 1553 sit,
233 1469 375 1533 fortasse
389 1468 516 1550 aliquis
525 1464 753 1551 probabiliter
770 1464 915 1545 dixerit;
935 1466 1142 1548 prudenter,
1156 1485 1270 1533 nemo.
1360 1545 1362 1550 Ι

158 1603 215 1664 Me
246 1619 319 1663 non
349 1602 457 1682 pudet
487 1597 601 1661 dicere
627 1618 701 1660 non
734 1595 960 1681 intelligere:
990 1594 1030 1658 id
1060 1616 1133 1658 non
1163 1593 1272 1658 fateor

158 1731 292 1812 solum,
321 1732 381 1792 sed
408 1739 442 1792 et
461 1729 577 1813 patior
603 1727 741 1792 facilius
763 1746 869 1809 quam
893 1723 992 1788 abuti
1014 1724 1271 1808 opportunitate

158 1858 377 1940 hariolandi3
404 1869 458 1944 et,
485 1869 544 1922 aut
568 1858 647 1922 falli
668 1868 701 1920 et
723 1856 864 1949 fallere,
891 1856 970 1938 aut,
997 1857 1028 1922 si
1051 1857 1139 1940 quid
1161 1855 1272 1940 scrip-

159 1993 214 2055 t'or
242 1992 400 2055 consulto
430 1988 634 2075 ambagibus
670 1987 939 2070 inumbraverit,
966 2010 1090 2073 parum
1113 1999 1209 2054 ceute
1231 2011 1271 2055 ae

160 2120 276 2186 minus
306 2122 447 2184 honeste
473 2128 646 2205 retegere3
678 2128 840 2182 anteum
863 2129 940 2182 vate
966 2119 1155 2203 desipiente
1171 2104 1272 2184 ¹desi·

159 2271 251 2336 pere.
291 2253 470 2314 Interdum
502 2249 614 2332 enim,
644 2265 730 2313 num
760 2248 965 2313 vaferrimus
998 2249 1197 2314 mortalium
1226 2249 1271 2315 sit

159 2379 351 2464 Didymus;
372 2379 565 2462 interdum,
582 2403 667 2446 num
686 2379 957 2461 amentissimus,
973 2381 1107 2444 dubito.
1134 2385 1271 2445 Marcus
1341 2411 1348 2424 ·

159 2509 326 2575 Jovianus
343 2509 514 2574 Rainerus
534 2511 644 2576 Marci
664 2513 699 2573 F.
719 2510 897 2594 municeps
919 2510 1128 2594 gentilisque
1155 2532 1271 2593 meus,

161 2640 234 2722 cui,
264 2641 348 2704 dum
373 2616 438 2705 suh
462 2644 555 2727 Rege
574 2640 838 2708 vindelicorum
862 2640 1035 2724 stipendia
1056 2641 1251 2737 merebatur
1258 2686 1270 2722 ,

117 2858 122 2866 1
159 2770 278 2852 aliqua
301 2792 379 2834 euru
400 2770 554 2854 Didymo
580 2768 796 2833 familiaritas
820 2769 1272 2846 intercesserat,·enodatio·

159 2920 239 2964 nem
252 2903 569 2986 Hypercalypseos,
583 2910 705 2987 rogatu
720 2921 815 2981 meo,
834 2903 878 2964 ab
896 2921 937 2963 eo
954 2899 1119 2985 flagitavit
1130 2923 1139 2963 z
1152 2900 1271 2984 sphin-

161 3031 213 3115 gis
239 3051 444 3116 responsum
462 3031 579 3115 adepti
597 3051 726 3094 sumus.
773 3035 842 3115 En,
872 3031 963 3108 tuli,
994 3028 1274 3116 infrascriptum-

162 3162 367 3245 exemplum·
382 3160 546 3244 epistolae.

532 3364 707 3424 D1nrsrus
729 3379 905 3438 ccnnrcus

401 3490 448 3553 Μ.
468 3493 500 3556 J.
522 3488 688 3554 Rrrnnno
711 3493 773 3568 Eo.
794 3492 903 3553 Hrnu.
924 3491 999 3555 San.

240 3680 393 3745 Drnrnro
423 3684 600 3762 quondam
622 3680 766 3763 antiquo
786 3680 930 3762 accidit,
951 3650 992 3750 ut
1016 3699 1095 3744 cum
1118 3675 1272 3743 historiae

160 3809 315 3892 cuidam,
345 3821 522 3905 tamquam
535 3832 650 3895 vanae,
680 3821 907 3896 repugnaret,
930 3809 1040 3895 ipsius
1058 3808 1273 3893 proferretur

159 3939 251 4004 liber
271 3942 333 4025 qui
354 3963 430 4006 eam
451 3928 677 4007 continebat:
698 3944 792 4024 quod
816 3951 850 4006 et
876 3940 964 4004 mihi
985 3939 1101 4004 hodie.
1141 3948 1175 4002 at
1198 3938 1273 4024 illi,

161 4075 255 4154 quod
274 4072 426 4156 plurima
449 4074 651 4157 scripserat:
674 4073 779 4156 mihi,
797 4075 893 4157 quod
914 4072 984 4135 iere
1005 4069 1107 4134 nihil.
1131 4071 1272 4151 quando

159 4209 193 4263 et
211 4201 501 4286 innumerabilia,
523 4213 555 4267 et
572 4202 841 4289 perpaucissima
858 4203 927 4268 sint
946 4223 1042 4284 aeque
1061 4203 1182 4264 eodem
1201 4199 1272 4262 fato

108 4393 112 4399 .
160 4330 338 4399 obliviosa.
358 4332 578 4417 potissimum
598 4334 735 4400 homini
756 4334 818 4419 qui
832 4337 876 4399 ab
896 4333 1038 4398 ineunte
1061 4328 1158 4401 virili
1177 4336 1279 4394 atate.
1359 4331 1363 4346 ‘
