3562 5364
1406 571 1441 606 :t

331 723 435 792 trum.
475 706 565 798 Quis
585 711 688 778 {enim
714 715 756 777 de
783 731 820 776 se
846 713 1073 780 confidentius
1101 737 1175 781 non
1202 717 1329 784 sentit?
1355 720 1444 804 Quis

272 853 276 861 '
329 863 412 930 ergo
435 818 602 911 nonsibi
623 843 754 908 dictum
769 853 867 928 putet
886 865 1024 910 versum
1046 848 1252 933 Euripidis:

554 1024 665 1091 Μάντις
685 1026 714 1108 γ’
734 1028 842 1116 igneos,
862 1026 918 1094 ists
938 1030 1045 1112 ἔικάξει
1065 1032 1183 1093 καλόςτ

330 1224 452 1289 quem,
483 1225 539 1269 me
567 1203 696 1287 invito,
730 1205 769 1269 in
798 1205 884 1269 libri
915 1205 1017 1270 titulo
1048 1203 1344 1290 circumscriptum
1372 1206 1444 1274 effi-

329 1336 423 1420 giem
446 1336 594 1420 Didymi
614 1337 736 1401 vides?
756 1338 819 1404 Vel
844 1335 923 1418 quis
942 1336 1082 1420 singula
1101 1339 1279 1421 Prophetae
1302 1339 1444 1404 minimi

331 1467 470 1531 oracula
491 1466 636 1552 ingenio
656 1468 799 1552 proprio
820 1468 1010 1551 illustrata,
1031 1476 1070 1529 ut
1088 1465 1228 1553 singula
1247 1467 1444 1533 testimonia

330 1599 523 1683 posteritati
541 1620 614 1663 non
638 1598 915 1663 commendabit?
935 1601 1053 1679 Neque
1067 1617 1131 1681 ego
1142 1597 1337 1681 abnuerim,
1354 1597 1442 1662 alios

331 1728 418 1793 scire
439 1749 555 1812 posse,
585 1749 661 1810 quae
685 1729 759 1813 ipse
776 1729 916 1793 nescio:
938 1736 972 1790 at
994 1727 1067 1792 illis
1089 1748 1231 1813 prorsus
1258 1728 1443 1812 assentior,

332 1859 394 1941 qui
412 1862 552 1926 stultam
572 1859 751 1924 scientiam
774 1879 851 1943 quae
870 1849 1041 1942 sapientia
1062 1859 1210 1922 caruerit
1230 1858 1443 1925 existimant:

520 2057 610 2109 Rarus
630 2059 704 2109 enim
722 2052 806 2111 ferme
824 2075 920 2112 sensus
939 2059 1092 2112 communis
1112 2059 1143 2109 in
1165 2073 1231 2110 rans

521 2181 690 2235 Docrsrns.

329 2347 461 2433 Igitur,
482 2349 552 2414 nisi
571 2349 698 2435 religio
717 2349 806 2414 mihi
837 2359 923 2416 esset
943 2351 1136 2435 quidquam
1157 2350 1200 2412 de
1226 2353 1441 2436 autographo

331 2487 464 2543 mutare
486 2479 525 2543 iu
544 2481 659 2544 locum
681 2481 918 2565 inscriptionis
935 2503 956 2545 a
973 2484 1096 2557 ,Graeco
1114 2479 1260 2563 Tragico
1279 2490 1441 2564 sumptae,

330 2610 533 2675 sententiam
555 2610 672 2675 Latini
694 2610 828 2674 Comici
846 2612 1134 2695 sapientissimam
1154 2633 1393 2699 surrogarem:

527 2790 602 2845 Scin’
622 2794 690 2843 scite
708 2788 784 2861 quod
803 2794 873 2858 scis,
892 2795 984 2863 proin'
1005 2806 1036 2845 tu
1054 2791 1134 2846 sileas
1154 2794 1265 2860 seirius,
1296 2778 1305 2789 '⁵

522 2916 562 2968 Te
580 2913 609 2968 id
628 2919 742 2968 sciscere
763 2918 960 2972 inscitissime?

329 3083 484 3146 Fortasse
507 3083 574 3147 hoc
597 3083 741 3165 quaesito
761 3085 917 3164 ejusdem
942 3087 1065 3151 litterae
1090 3105 1257 3150 concursu
1281 3082 1442 3148 Comicus

330 3212 441 3295 carpit
458 3213 677 3298 Euripidem,
697 3218 918 3300 Sophoclem,
939 3218 1095 3299 aliosque
1117 3215 1336 3303 gravissimos
1361 3235 1443 3298 poc·

329 3350 460 3425 tarum,
485 3344 613 3424 quibus
634 3346 809 3410 interdum
831 3349 903 3412 haec
922 3351 1109 3413 verborum
1126 3351 1298 3413 schemata
1318 3347 1358 3410 in
1380 3349 1442 3409 de-

330 3470 422 3537 liciis
443 3483 566 3539 erant:
588 3484 626 3538 ut
647 3475 738 3538 illud
760 3475 961 3542 Ennianum

544 3671 571 3726 O
590 3673 653 3726 Tite
673 3686 731 3725 tute
750 3674 813 3727 Tati
832 3671 884 3727 tihi
903 3687 979 3727 tanta
999 3688 1115 3746 tyranne
1133 3674 1232 3729 tulisti.

328 3856 394 3920 His
428 3858 567 3940 antiqui
602 3861 756 3925 rhetores
791 3860 1053 3946 patrocinantur
1071 3849 1089 3940 3¹
1123 3861 1197 3923 haec
1235 3853 1441 3921 recentiores

328 3989 520 4070 mirantur,
550 3993 624 4055 haec
652 3992 731 4073 quis
761 3991 851 4054 ausit
882 3991 994 4055 dicere
1021 3988 1262 4072 repudianda?
1290 3995 1443 4049 tantum·
1505 4054 1510 4060 ,

328 4121 433 4183 modo
448 4141 468 4182 a
483 4121 689 4186 doctissimis
708 4121 794 4186 viris
809 4126 1001 4186 verecunde
1018 4133 1133 4206 petere
1153 4119 1284 4200 ausim,
1306 4127 1345 4180 ut
1363 4138 1443 4179 ver·

327 4252 373 4313 ha
401 4251 536 4317 Comici
560 4256 685 4319 vetusti
708 4256 977 4338 amplectentum
1014 4274 1078 4317 nec
1100 4249 1304 4315 sententiam
1327 4267 1442 4331 asper-

328 4390 485 4466 nentur3
523 4384 652 4450 scilicet
680 4409 688 4451 s
720 4419 762 4436 —
792 4384 958 4473 Quisquis
990 4385 1128 4471 garrule
1163 4378 1292 4466 promit
1322 4377 1442 4444 omnia
