3562 5364
494 515 533 565 10

546 705 601 756 11.
628 682 724 756 Mox
752 681 860 756 Deus
889 678 1069 757 dominus
1100 676 1338 754 exercituum
1368 674 1475 754 dedit
1499 677 1611 760 Vira-

491 832 620 932 ginem
645 830 859 932 principem
885 827 1042 931 populi:
1077 827 1223 922 sicarii,
1248 828 1468 929 publicani,
1495 844 1534 908 et
1557 836 1612 910 le·

490 1009 612 1061 nones
637 982 819 1057 moechati
843 993 934 1056 sunt
958 1006 1062 1076 eam,
1095 992 1133 1056 et
1158 979 1258 1055 lacta
1284 993 1340 1056 est
1363 981 1557 1059 meretrix.

544 1139 600 1212 13.
624 1133 677 1207 Et
709 1134 855 1213 Vultur
888 1157 966 1232 prae
1007 1157 1047 1208 se
1080 1133 1205 1209 serens
1234 1132 1423 1209 vexillum
1456 1131 1611 1234 Aquilae

490 1285 599 1362 venit
623 1297 661 1360 et
690 1283 786 1359 dixit
809 1287 920 1385 pullo
946 1311 1036 1359 suo:
1061 1284 1145 1381 Ego
1172 1282 1374 1362 dominus:
1409 1298 1452 1360 tu
1478 1298 1609 1363 autem

489 1437 667 1540 princeps
688 1427 824 1537 populi
844 1432 979 1538 hujus3
1004 1447 1043 1511 et
1063 1435 1164 1509 daho
1186 1436 1257 1511 tibi
1279 1439 1355 1511 alas
1376 1437 1542 1531 Leonis3
1568 1448 1608 1514 et

491 1615 615 1664 cornu
640 1615 765 1662 unum
792 1587 912 1662 Tauri
935 1587 1137 1681 bellicosi3
1173 1601 1212 1664 et
1241 1587 1441 1664 Piscatoris
1474 1589 1608 1665 litora:

490 1751 757 1816 verumtamen
795 1749 838 1811 tu
879 1751 1084 1814 contemne
1122 1741 1354 1840 prophetas,
1406 1739 1497 1854 quia
1536 1765 1608 1839 ego

489 1888 739 1966 multitudine
792 1891 998 1965 stultorum
1052 1890 1276 1994 sapientiam
1329 1891 1607 1994 prophetarum

489 2044 663 2119 obruam.

544 2213 600 2282 14.
619 2193 813 2294 Principio
826 2195 934 2270 Deus
951 2192 1079 2268 induit
1094 2192 1321 2269 fortitudine
1339 2217 1469 2270 ensem
1485 2193 1606 2294 pulli3

490 2355 530 2420 et
557 2355 726 2420 mentem
752 2340 834 2447 ejus
854 2341 1000 2447 justitia
1014 2370 1026 2437 3
1061 2354 1099 2418 et
1124 2370 1191 2420 cor
1215 2341 1297 2446 ejus
1324 2343 1606 2419 misericordia:

490 2507 529 2569 et
554 2494 803 2595 pulchritudo
827 2508 865 2571 et
885 2496 1033 2570 castitas
1056 2498 1232 2572 osculatae
1257 2508 1347 2572 sunt
1371 2495 1414 2570 in
1435 2497 1605 2569 thalamo

489 2673 583 2721 suo:
614 2658 653 2722 et
678 2646 776 2723 vidit
797 2646 964 2746 virgines
994 2657 1033 2723 et
1060 2660 1251 2723 matronas
1281 2659 1474 2727 versantes
1501 2672 1605 2722 rosas

488 2797 531 2874 in
555 2800 699 2873 lectulo
727 2795 899 2871 filiorum
924 2825 1095 2874 suorum.

543 2948 599 3023 15.
626 2947 778 3024 Deinde
803 2972 862 3023 res
886 2948 1001 3023 nimis
1025 2974 1214 3051 prosperae
1239 2960 1278 3026 et
1304 2950 1540 3046 adulatores,
1566 2960 1606 3025 et

487 3098 687 3200 synagoga
709 3099 947 3197 Doctorum,
976 3111 1015 3175 et
1038 3099 1197 3176 Senatus
1221 3101 1473 3178 Parasitarurn
1498 3099 1603 3176 inlla·
1717 3125 1720 3129 ·

488 3262 630 3327 verunt
662 3249 829 3325 animam
855 3276 984 3346 suam,
1019 3261 1058 3327 et
1085 3250 1128 3326 in
1155 3251 1338 3329 ebrietate
1366 3252 1496 3351 gloriae
1525 3277 1602 3327 suae

487 3395 621 3502 rejecit
645 3402 898 3501 prophetam
931 3401 1161 3502 vocavitque
1191 3404 1429 3506 Synagogam
1457 3403 1603 3477 Docto·

488 3578 599 3644 rum,
627 3562 666 3626 et
699 3551 882 3626 Senatum
916 3550 1197 3648 Parasitarum,
1249 3568 1287 3631 et
1322 3553 1418 3629 dixit
1451 3555 1500 3628 ad
1535 3577 1601 3629 eos

485 3700 603 3776 verba
628 3699 800 3776 Baruch:

540 3850 595 3926 16.
621 3853 723 3949 Ecce
756 3854 929 3930 misimus
963 3856 1012 3931 ad
1039 3883 1109 3933 vos
1137 3855 1343 3958 pecunias,
1379 3855 1428 3932 de
1458 3854 1600 3956 quibus

365 4035 369 4040 ·
485 4000 601 4079 emite
625 4006 1004 4086 holocautomataet
1033 4008 1140 4102 thus,
1168 4019 1207 4083 et
1233 4006 1347 4084 facite
1373 4033 1533 4101 manna,
1562 4019 1601 4081 et

483 4154 723 4230 veneramini
740 4155 1101 4236 Nabuchodonosor
1127 4157 1243 4233 trium
1264 4158 1531 4260 Babylonum,
1561 4170 1600 4232 et

484 4326 547 4379 me
563 4303 750 4383 Baltassar
766 4283 891 4386 filium
910 4307 1010 4414 ejus:
1028 4307 1268 4409 magnificate
1286 4310 1597 4412 bellipotentem:
