3562 5364
1296 535 1319 601 7

257 709 292 783 4.
317 679 510 794 Scriptum
540 704 616 770 est:
653 694 860 769 Paululum
889 694 1079 792 dormies,
1113 700 1318 799 paululum

207 845 449 941 dormitabis,
475 848 678 947 paululum
705 871 879 922 conseres
904 856 1039 922 manus
1061 860 1143 924 tuas
1166 864 1211 926 ut
1233 852 1317 927 dor·

203 998 317 1073 mias:
344 1010 383 1074 et
402 995 533 1074 veniet
557 996 607 1070 ad
631 1008 668 1071 te
690 997 798 1096 quasi
818 996 943 1073 viator
971 1012 1131 1098 egestas,
1159 1013 1197 1077 et
1218 1002 1316 1079 vitu·

202 1149 355 1251 perium
381 1149 488 1250 quasi
512 1147 574 1224 vir
599 1164 774 1223 armatus.

254 1300 288 1375 5.
313 1300 365 1374 Et
393 1325 482 1375 ecce
510 1312 552 1375 tu
580 1312 705 1401 captas
732 1299 917 1376 viaticum
938 1297 1164 1399 insipientiae
1190 1314 1229 1377 et
1254 1300 1315 1378 de·

201 1450 305 1526 sidiae
331 1464 370 1527 et
391 1451 578 1527 scandali:
606 1451 738 1526 scribis
764 1450 868 1526 enim
894 1451 1155 1552 ephemeridas
1185 1453 1313 1529 adver·

201 1630 265 1677 sus
296 1603 428 1680 fratres
458 1616 544 1679 tuos
563 1627 744 1704 ¹quaerens
773 1605 929 1678 lucrum
957 1601 999 1678 in
1024 1603 1245 1680 adulatione
1275 1615 1314 1682 et

203 1753 406 1828 calumnia.

253 1902 286 1977 6.
312 1903 373 1977 Tu
399 1928 437 1977 es
460 1902 638 1978 clericus:
666 1902 760 2003 quid
783 1929 873 2002 ergo
896 1904 1015 1978 diaria
1033 1930 1122 1979 cum
1141 1901 1314 1981 clericis?

200 2051 311 2127 Doce
336 2054 516 2153 parvulos
542 2053 754 2128 orationem
780 2081 895 2153 quam
926 2054 1092 2129 didicisti
1121 2055 1163 2130 in
1194 2057 1314 2167 taber7

200 2209 341 2278 naculo
367 2215 517 2279 sancto:
551 2207 635 2302 lege
666 2203 736 2279 tibi
765 2217 804 2280 et
827 2205 1002 2302 agricolis
1026 2207 1225 2306 parabolas
1250 2230 1312 2283 ve⁴

198 2353 338 2430 ritatis:

251 2531 285 2602 7.
312 2504 416 2609 Quia
440 2506 548 2580 Deus
574 2504 699 2601 diligit
722 2506 902 2605 parvulos
925 2517 963 2580 et
981 2504 1201 2604 pusillos'et
1221 2532 1310 2605 pau·

197 2679 331 2756 peres:
369 2654 503 2730 reddet
532 2679 622 2752 ergo
653 2653 723 2729 tibi
752 2655 901 2730 bouum
935 2655 1147 2730 secundum
1181 2655 1311 2731 carita·

199 2819 277 2882 tem
305 2818 411 2880 tuam
436 2830 525 2904 erga
550 2831 625 2882 eos.

248 2959 283 3033 8.
313 2958 540 3056 Evangeliza
577 2955 810 3058 pauperibus
851 2953 1063 3029 orationem
1104 2954 1311 3030 dominica·

197 3113 293 3185 lem:
320 3122 364 3184 ut
383 3123 515 3210 petant
539 3109 580 3185 in
606 3111 735 3209 quiete
761 3106 898 3183 mentis
920 3106 1020 3183 etin
1041 3108 1183 3184 sudore
1207 3106 1309 3182 fron·

74 3291 77 3295 ’
198 3258 245 3333 tis
270 3286 409 3359 panem
436 3260 725 3361 quotidianum:

248 3435 282 3511 9.
310 3410 366 3496 Ut
390 3410 431 3485 in
456 3411 638 3512 patientia
665 3408 789 3484 cordis
815 3408 962 3483 discant
985 3407 1176 3481 dimittere
1206 3405 1308 3481 debi·

198 3573 280 3635 tum
302 3561 539 3636 debitoribus
560 3560 820 3662 praedivitibus
842 3557 910 3660 qui
929 3583 1012 3634 uon
1031 3558 1199 3633 reddunt
1220 3579 1308 3655 ope·

196 3713 298 3787 rario
324 3713 564 3790 mercedem:

252 3889 307 3937 10.
336 3864 411 3957 Ut,
440 3891 528 3939 cum
548 3868 669 3962 leges,
691 3865 841 3962 greges,
867 3885 972 3958 reges
994 3857 1171 3969 filiorum.
1181 3855 1308 3932 Adam

198 4026 437 4108 evertentur,
461 4016 751 4108 subvertentur,
777 4025 1016 4090 revertentur
1036 4037 1152 4112 super
1172 4010 1309 4086 faciem

200 4179 326 4260 terrae,
353 4167 526 4264 agricolae
548 4179 586 4242 et
607 4165 771 4267 operarii
791 4165 990 4240 adorantes
1008 4167 1191 4239 clament:
1224 4161 1310 4238 Fiat

198 4316 377 4394 voluntas
402 4317 478 4391 Dei
503 4315 601 4392 sicut
626 4318 668 4394 in
693 4319 791 4391 coelo
818 4316 920 4395 etin
943 4328 1052 4392 terra.
