3562 5364
505 521 544 584 52

557 697 591 773 6.
617 697 698 777 Vos
716 706 846 774 autem
862 699 1039 772 humanae
1055 693 1194 770 belluae
1212 691 1317 793 quod
1334 704 1470 796 praeter
1485 719 1622 773 omnes

507 861 696 924 creaturas
722 846 946 922 animalium
974 846 1121 922 habetis
1150 847 1347 943 loquelam
1375 858 1414 921 et
1438 873 1621 943 manum,

505 1012 699 1077 exactores
726 1009 764 1072 et
791 995 988 1074 carnifices
1015 997 1137 1072 nostri
1163 996 1253 1070 sacti
1279 996 1387 1071 estis:

557 1176 591 1248 7.
620 1146 702 1250 Qui
718 1174 799 1222 non
815 1147 998 1247 reputatis
1014 1173 1084 1224 vos
1101 1146 1202 1221 filios
1219 1159 1326 1223 terrae
1343 1147 1456 1224 sicuti
1475 1160 1514 1224 ct
1526 1176 1621 1244 nos,
1648 1217 1653 1223 .

507 1311 545 1378 et
562 1298 740 1375 affectatis
756 1299 860 1375 viam
880 1297 985 1372 coeli:
1007 1298 1224 1375 sorduimus
1241 1322 1331 1395 ergo
1351 1325 1480 1373 coram
1498 1298 1622 1376 vobis.

556 1453 592 1527 8.
621 1451 832 1528 Concedite
849 1454 982 1526 saltem
1000 1450 1111 1525 nobis
1130 1451 1289 1525 domum
1309 1463 1432 1525 terrae:
1459 1451 1624 1529 domum

505 1614 716 1679 maternam
742 1614 856 1701 atque
872 1598 1080 1702 pacificam
1104 1600 1284 1675 omnibus
1308 1600 1350 1674 in
1375 1599 1582 1676 aeternumss

556 1780 591 1855 9.
630 1753 761 1853 Quare
807 1750 1043 1826 conturbatis
1084 1750 1259 1848 requiem
1292 1749 1462 1827 nostram
1500 1765 1540 1828 et
1578 1752 1622 1831 in

504 1903 711 1980 solitudine
737 1903 870 1976 mortis
896 1913 1032 1976 nostrae
1057 1898 1248 1999 vigilatis?

560 2081 614 2128 1o.
651 2053 804 2128 Scilicet
848 2051 1043 2149 congeries
1091 2051 1304 2154 putredinis
1349 2052 1544 2129 asinorum
1583 2063 1624 2129 et

505 2206 627 2282 boum
651 2204 805 2280 videtur
829 2203 941 2280 vobis
968 2205 1147 2280 cathedra
1173 2205 1287 2304 digna
1313 2205 1523 2306 sapientiae:

560 2382 615 2431 11.
640 2355 722 2434 Vos
748 2354 873 2449 enirn,
900 2355 1000 2430 sicut
1021 2355 1153 2431 audivi
1174 2356 1217 2433 in
1236 2355 1384 2432 lumine
1401 2357 1489 2434 vitae
1505 2382 1621 2452 meae,

506 2505 745 2583 transvolutis
763 2507 887 2582 nubes
909 2517 947 2582 et
964 2505 1169 2581 luminaria
1186 2504 1418 2582 firmamenti
1436 2495 1474 2584 et
1490 2508 1622 2585 Solem

507 2670 545 2734 et
570 2669 713 2759 septem
740 2656 882 2732 moenia
911 2659 1120 2732 coelorum:
1154 2660 1207 2733 Et
1237 2662 1352 2733 oculo
1384 2683 1547 2753 carneo,
1582 2671 1623 2734 et

507 2809 665 2884 cerebro
683 2833 843 2902 carneo,
871 2819 909 2884 et
926 2810 1041 2886 corde
1059 2836 1218 2904 carneo,
1237 2807 1417 2912 judicatis
1436 2810 1622 2885 Sanctum

507 2971 726 3033 sanctorum
754 2958 796 3032 in
823 2953 1094 3034 excelsioribus
1121 2962 1270 3038 excelsi.

561 3135 616 3183 12.
640 3110 920 3187 Verumtamen
950 3111 1081 3187 audivi
1111 3113 1226 3188 etiam
1260 3115 1445 3214 sapientes
1474 3126 1622 3192 vestros

508 3257 602 3333 dum
622 3271 815 3360 portarem
834 3287 931 3336 onus
955 3261 1111 3339 decimae
1136 3264 1378 3365 etprimitias
1399 3249 1522 3341 villici
1543 3263 1623 3340 mei

507 3411 556 3484 ad
581 3411 722 3487 ostium
745 3412 890 3487 altaris:

448 3623 450 3627 .
560 3566 616 3638 13.
654 3561 950 3642 Confitebantur
987 3564 1091 3641 enirn
1127 3567 1208 3642 haec
1241 3566 1314 3642 tria
1343 3567 1386 3642 in
1418 3565 1624 3644 volumine

506 3724 655 3787 sancto:
683 3715 815 3789 Homo
841 3717 939 3791 nihil
963 3718 1079 3794 habet
1095 3714 1272 3820 jumento
1298 3717 1479 3818 amplius:
1507 3717 1623 3794 Unus

505 3863 681 3940 interitus
699 3881 755 3943 est
770 3867 938 3942 hominis
953 3880 990 3944 et
1003 3864 1289 3969 jumentorum,
1309 3880 1347 3944 et
1360 3872 1468 3968 aequa
1484 3869 1623 3944 utrius·

507 4039 582 4111 que
609 4016 799 4091 conditio:
828 4018 927 4122 Quis
948 4018 1059 4095 novit
1078 4018 1110 4092 si
1130 4017 1284 4118 spiritus
1307 4015 1477 4093 filiorum
1494 4017 1622 4092 Adam

506 4166 683 4239 ascendat
699 4194 868 4266 sursum,
897 4170 987 4247 etsi
1008 4170 1162 4272 spiritus
1179 4166 1446 4273 jumentorum
1469 4169 1624 4247 descen·

507 4309 571 4383 dat
596 4313 799 4390 deorsum?
