3562 5364
1427 533 1465 613 41

410 730 471 794 11.
499 697 751 815 Congregatio
781 712 1067 816 hypocritarum
1097 694 1233 787 sterilis
1246 700 1299 786 ¹in
1324 711 1469 788 vanilo-

361 867 475 969 quio=
500 867 648 941 utinam
666 864 857 959 taceretis,
876 875 914 939 et
929 859 1156 940 videremini
1175 885 1254 936 esse
1270 860 1468 961 sapientes.

416 1023 471 1095 13.
496 1016 649 1092 Deinde
686 1016 876 1112 interroga
909 1013 1090 1089 Senatum
1121 1010 1371 1087 Parasitarum
1386 1013 1471 1113 'qui

281 1170 288 1253 ’,
361 1167 550 1244 aedificant
570 1166 643 1241 sibi
670 1167 824 1239 domos:
852 1162 933 1240 Ubi
955 1176 1011 1238 est
1035 1163 1150 1237 litura
1172 1190 1286 1261 quam
1308 1161 1470 1238 linistis?

416 1336 473 1405 14.
498 1315 690 1416 Scriptum
717 1325 772 1390 est
801 1312 926 1388 enim:
959 1312 1171 1412 Erumpere
1199 1312 1335 1389 faciam
1365 1312 1470 1412 spiri·

363 1477 447 1540 tum
474 1478 761 1565 tempestatum,
788 1477 826 1540 et
849 1465 1012 1539 imbrem
1033 1463 1303 1557 inundantem,
1330 1474 1368 1537 et
1388 1487 1469 1562 per-

362 1615 505 1691 niciem
530 1615 665 1689 hiemis
691 1614 739 1688 ab
767 1613 982 1714 Aquilone3
1008 1625 1046 1688 et
1073 1614 1262 1689 destruam
1287 1612 1470 1714 parietem

364 1790 480 1865 quem
504 1789 609 1862 reges
630 1762 774 1838 liniunt
797 1724 940 1863 absq'ue
959 1775 1279 1862 temperamento,
1306 1775 1344 1838 et
1366 1786 1469 1838 reve-
1513 1782 1516 1787 ’

363 1915 505 1990 labitur
529 1915 822 1988 fundamentum
848 1914 972 1990 inane.

418 2064 473 2138 15.
499 2065 704 2164 Propterea
721 2091 855 2138 manus
873 2088 1079 2164 puerorum
1097 2060 1325 2138 lascivorum
1344 2060 1471 2137 diruet

365 2216 556 2313 extemplo
582 2214 772 2313 fastigium
802 2216 938 2289 domus
967 2226 1119 2308 vestrae,
1156 2225 1195 2288 et
1219 2210 1372 2315 ejicient
1400 2237 1470 2288 vos

365 2364 413 2439 de
438 2365 590 2438 sedibus
614 2359 767 2457 vestris,
794 2377 833 2439 et
858 2365 1095 2439 clamabunt:
1122 2363 1213 2440 Non
1236 2375 1291 2438 est
1312 2364 1469 2455 domus3
1499 2353 1501 2358 ’

364 2513 496 2609 etqui
521 2515 637 2586 modo
663 2513 921 2607 aedificabant,
949 2539 1027 2587 non
1053 2526 1152 2587 sunt.
1564 2479 1566 2482 >

420 2659 476 2735 16.
500 2662 651 2757 Deinde
694 2664 756 2738 dic
797 2661 1088 2762 praedivitibus:
1144 2661 1311 2762 Quando
1354 2660 1470 2735 alieni

365 2811 518 2911 capient
543 2812 751 2887 exercitum
776 2811 937 2888 civitatis
961 2822 1112 2907 vestra,
1147 2825 1186 2889 et
1208 2811 1470 2910 ingredientur

365 2973 491 3062 portas
517 2958 618 3062 ejus,
646 2975 684 3036 et
703 2986 817 3061 super
841 2962 971 3038 fratres
997 2916 1140 3040 vestros
1161 2962 1313 3038 mittent
1332 2948 1478 3037 sortes:¹

320 3191 322 3196 ,
420 3138 475 3210 17.
501 3111 654 3205 Nolite,
690 3111 825 3186 confisi
850 3111 992 3212 opibus·
1012 3113 1164 3207 vestris,
1199 3112 1316 3187 laetari
1341 3112 1382 3186 in
1407 3110 1470 3186 die

364 3261 595 3362 pauperfflis
619 3251 1042 3358 fratrumvestrorum,
1073 3287 1201 3362 neque
1226 3260 1470 3359 magnificare

365 3439 409 3486 os
445 3424 613 3491 vestrum
653 3410 693 3482 in
732 3409 799 3484 die
833 3410 1037 3506 angustiae:
1080 3411 1229 3486 Divites
1262 3436 1392 3484 sumus
1432 3411 1475 3484 et'

365 3530 588 3661 locupletati
617 3585 639 3632 a
667 3557 837 3658 patribus
866 3559 1028 3652 nostris,
1066 3572 1104 3634 ct
1131 3559 1274 3633 nullius
1305 3584 1468 3656 egemus.

418 3711 474 3785 18.
500 3710 649 3784 Suadeo
678 3735 748 3784 vos
768 3699 903 3784 'emere
933 3708 1213 3808 aliquantulum
1244 3708 1407 3783 caritatis
1432 3718 1470 3782 et
1588 3749 1590 3753 Α

363 3860 624 3953 verecundiae,
651 3869 688 3933 et
714 3858 1021 3934 animadvertetis
1046 3885 1115 3935 vos
1140 3883 1218 3934 esse
1245 3858 1346 3934 cives
1376 3854 1470 3959 ejus-

366 4009 455 4085 dem
489 4009 634 4084 miserae
664 4011 850 4105 civitatis,
886 4010 991 4087 etin
1015 4007 1179 4087 vinculis
1206 4009 1310 4085 etin
1335 4034 1470 4108 oppro-

328 4140 337 4165 ⁸
366 4160 452 4237 brio
471 4160 569 4233 sicut
589 4173 627 4235 et
648 4160 711 4234 alii
734 4161 800 4259 qui
818 4160 992 4235 habitant
1013 4159 1225 4255 civitatem3
1251 4172 1288 4235 at
1307 4157 1470 4262 abjectio

368 4324 511 4405 vestra,
536 4325 692 4412 propter
717 4336 808 4412 opes
832 4296 1239 4411 vestras'splendidior.
