3562 5364
496 301 644 345 curvis
669 276 1031 345 ursancairesnos.
1269 357 1273 366 ,
1325 275 1347 338 9

192 441 285 504 Coena
299 446 511 525 propemodum
525 458 669 506 vetustate
684 445 780 507 deleta
793 458 878 517 essct,
900 447 940 506 ad
956 447 1014 505 hoc
1032 444 1171 504 eximium
1184 442 1256 502 artis
1269 460 1345 520 opus

189 570 400 635 restituendum
422 576 535 634 Bossius
554 575 634 634 haud
652 588 696 634 est
709 575 819 633 veritus
840 586 932 634 semet
945 575 1007 654 ipse
1021 572 1243 641 commendare3
1272 569 1343 628 doc·

191 702 271 778 tique
292 703 376 762 aulici
396 725 455 762 non
476 705 538 762 sine
556 703 670 780 flagitio
687 704 811 782 professi
828 715 895 762 sunt
908 704 988 782 apud
1002 702 1170 779 Proregem,
1193 719 1260 758 eum
1278 716 1343 757 esse

192 830 327 902 Bossium,
343 832 392 909 qui
406 845 504 910 partes
517 833 652 910 impleret
667 831 813 890 Leonardi
824 830 941 890 Vincii:
963 847 993 890 et
1006 844 1088 889 tanta
1102 827 1240 904 Proregis
1254 824 1342 884 fatui-

190 970 234 1017 tas
255 959 319 1030 tuit,
339 973 373 1018 ut
393 961 431 1019 ad
452 961 507 1020 tria
527 981 710 1019 nummorum
731 959 811 1019 milia
824 981 981 1020 aureorum
997 961 1028 1017 in
1045 960 1123 1017 hunc
1143 955 1343 1033 impudentem
1444 979 1448 986 ·

188 1087 543 1165 profunderetartifieem.
586 1088 732 1148 Tabulam
744 1089 858 1147 Bossias
871 1089 979 1158 refecit,
994 1101 1024 1146 at
1037 1087 1114 1146 infra
1124 1087 1258 1143 tironem.
1281 1056 1283 1061 Ι
1301 1080 1342 1139 Et

192 1226 289 1273 tamen
305 1227 419 1275 creatus
437 1228 482 1275 est
495 1217 647 1275 Professor
661 1182 791 1275 Picturae
810 1216 959 1286 Sublimis,
976 1236 1054 1274 novo
1072 1214 1209 1273 nimirum
1224 1211 1342 1299 Gallica

189 1343 309 1402 solertia
322 1344 408 1402 titulo
422 1345 551 1402 invento.
594 1345 670 1403 Sane
688 1343 887 1422 pereruditum
902 1345 1014 1403 Bousiris
1028 1344 1065 1402 de
1086 1341 1179 1401 Co'ena
1193 1338 1341 1399 Leonardi

190 1471 298 1530 librum
313 1474 499 1551 conscripsit3
522 1473 552 1530 in
567 1493 626 1550 quo
640 1473 751 1530 utinam
765 1473 967 1549 acquievisset,
985 1492 1039 1530 nec
1052 1483 1200 1529 certamen
1219 1469 1338 1527 commi·

187 1599 272 1659 sisset
284 1621 350 1661 cum
360 1601 412 1659 illu
423 1602 554 1679 principe
564 1602 671 1678 ingenii
681 1615 711 1659 et
721 1602 828 1680 operis.
842 1601 931 1660 Facta
941 1621 992 1680 per
1005 1578 1131 1659 Bossium
1141 1599 1339 1676 descriptione

189 1729 275 1806 primi
289 1730 423 1809 exempli,
437 1730 568 1807 reliquiae
582 1731 725 1808 neglectae
736 1730 900 1808 jacuerunt,
913 1730 1013 1809 etjam
1027 1730 1140 1787 ruinam
1154 1738 1296 1806 spectant.

229 1857 281 1916 Vs.
303 1865 352 1918 23.
395 1880 428 1918 ru
457 1879 633 1918 cosunouno
662 1879 810 1918 armorum
837 1837 1003 1918 csaursicrs
1032 1878 1154 1917 sanem:
1190 1853 1339 1916 Leonardi

188 1981 282 2045 Coena
292 1987 388 2065 posita
402 1998 464 2046 erat
477 1989 507 2045 in
520 1988 675 2046 refectorio
689 1987 950 2046 Dominicano'rum
966 1987 1134 2064 propaginis
1148 1985 1246 2044 Sancti
1259 1984 1338 2044 illius

187 2114 238 2192 qui
251 2114 363 2174 invenit
375 2115 582 2192 inquisitiones
597 2127 627 2174 et
641 2118 719 2174 Anto
733 2116 819 2194 (lofe.

228 2243 282 2305 Vs.
304 2251 354 2305 25.
396 2245 511 2304 Bossius
525 2266 556 2304 se
569 2235 660 2303 unurr'r
679 2246 810 2304 omnium
828 2243 1048 2320 disciplinarum
1067 2244 1169 2301 orbem
1186 2262 1338 2303 emensum

182 2371 318 2450 jactavit,
332 2383 442 2432 ceteros
456 2373 656 2451 imperitorum
672 2391 793 2431 numero
808 2372 919 2429 habuit.
962 2371 1055 2448 Atqui
1073 2391 1126 2449 pro
1144 2391 1198 2430 sua
1211 2371 1261 2430 illa
1274 2383 1336 2430 stu-

186 2500 309 2579 piditate
323 2502 391 2560 fecit
401 2501 419 2559 J
422 2502 511 2559 udam
524 2501 675 2559 ardentem
690 2500 819 2558 crinibus
832 2499 912 2569 rufis,
923 2499 973 2576 qui
988 2499 1068 2558 fuere
1080 2500 1190 2577 proprii
1204 2511 1336 2576 postero·

188 2648 253 2688 rum
266 2629 408 2700 Davidis3
432 2630 493 2687 vid.
508 2629 560 2687 lib.
580 2628 606 2686 l.
622 2627 747 2706 Regum,
764 2648 826 2706 cap.
840 2626 925 2686 XVI.
941 2632 988 2686 12.
1032 2627 1142 2687 Contra
1162 2629 1335 2689 Leonardus

186 2757 346 2819 hancJesu
369 2758 518 2818 caesariem
532 2757 671 2815 dederat:
692 2755 779 2814 Judae
793 2776 863 2814 vero
882 2755 1002 2833 capillos
1022 2757 1136 2834 penitus
1157 2742 1333 2835 nigricantas
1429 2825 1433 2832 Ι

188 2886 392 2964 infuscaverat.

450 3137 601 3202 CAPUT
624 3135 831 3201 TERTIUM
856 3137 1081 3209 DECIMUM

229 3307 287 3365 Per
299 3325 331 3365 se
345 3302 462 3364 clarum<
472 3318 526 3362 est.

433 3556 584 3622 CAPUT
614 3555 842 3632 QUARTUM
872 3557 1096 3624 DECIMUM

155 3748 157 3755 ·
229 3725 426 3785 Ausonium
450 3745 696 3784 rucanurarnirsu
720 3743 819 3783 vana:
848 3723 956 3784 lisdem
979 3746 1071 3806 prope
1094 3731 1190 3790 verbis
1212 3734 1338 3811 repetita

188 3855 362 3933 legebantur
376 3854 406 3912 in
419 3853 521 3913 Diario
534 3853 690 3913 Litterario
704 3852 786 3930 quod
804 3852 925 3931 siugulis
943 3854 1046 3915 diebus
1068 3856 1144 3916 Solis
1160 3860 1270 3937 prodiit
1289 3863 1335 3922 in-

189 3986 329 4062 scriptum
343 3982 461 4042 nornine
476 3983 662 4061 Polygropli:
684 3981 739 4040 fuit
751 3982 807 4041 hoc
822 3980 956 4042 Diarium
970 3985 1128 4062 publicum,
1140 3986 1239 4066 inquo
1249 3989 1337 4051 Lam·

751 4132 766 4168 c
