3562 5364
1149 519 1297 581 ·23

236 708 297 793 17.
331 695 466 770 Postea
495 693 690 770 irruerunt
719 694 897 771 adversus
928 696 1056 770 Ghoes
1086 706 1125 770 et
1148 709 1299 797 poetas;

188 856 228 921 et
247 847 426 921 adversus
448 844 619 944 Phlyrias
642 853 680 920 et
700 869 865 936 scurras3
891 855 933 920 et·
949 845 1128 921 adversus
1153 848 1299 923 Psorio-

186 1023 277 1072 nam
296 1009 334 1072 et
345 993 645 1093 ludimagistros3
663 1006 702 1070 et
719 996 898 1071 adversus
910 996 1093 1097 Agyrtem
1111 1011 1149 1073 ct
1160 1000 1297 1078 biblio-

186 1151 314 1247 polas,
337 1158 376 1221 et
390 1170 510 1244 genus
528 1170 643 1220 omne
659 1145 889 1247 scriptorum
907 1115 1206 1248 ephemeridum.

241 1299 297 1374 18.
324 1298 374 1371 Et
398 1298 576 1374 adversus
600 1297 837 1398 synagogam
861 1298 1090 1371 Doctorum.

242 1475 297 1551 19.
323 1449 376 1523 Et
405 1449 523 1525 etiam·
548 1448 728 1525 adversus
757 1474 844 1542 me,
884 1447 1059 1547 quamvis
1088 1447 1300 1523 custodiam

186 1624 326 1676 vocem
360 1599 401 1674 in
430 1597 606 1675 saucibus
639 1598 754 1692 meis,
784 1624 834 1675 ne
863 1600 1109 1685 obstruantur
1138 1601 1180 1674 in
1214 1625 1303 1676 con·

188 1749 294 1826 vivio
319 1751 429 1828 Eden
449 1751 632 1852 principis
654 1749 924 1824 Parasitarum:
952 1749 1042 1850 quia
1068 1749 1205 1825 esurio,

239 1925 297 1974 πο.
323 1900 460 1999 Neque
478 1905 668 1975 calamum
690 1901 785 1975 tinxi
803 1901 845 1975 in
861 1899 1147 1994 atramentario,
1173 1923 1302 1999 neque

90 2108 91 2115 κ
188 2051 487 2150 chirographum
513 2051 602 2127 dedi
630 2054 886 2153 typographo:
913 2050 1004 2149 quia
1030 2075 1165 2150 paveo.

238 2228 297 2276 21.
323 2203 499 2282 Verbum
524 2228 656 2278 meum
685 2202 880 2279 invisibile
903 2196 1051 2302 jactum
1075 2201 1118 2275 in
1144 2196 1303 2301 praecor·
1340 2198 1341 2201 '

187 2351 252 2427 dia
281 2352 433 2427 aurium
462 2351 624 2427 irrisoris
659 2351 811 2429 divitis:
850 2365 1005 2430 etcum
1033 2354 1305 2452 germinaverit

188 2501 328 2575 zizania
353 2503 402 2577 de
427 2502 572 2578 semine
597 2528 685 2578 meo
710 2502 752 2580 in
780 2529 847 2579 ore
873 2504 1023 2599 aliem,
1060 2529 1130 2604 ego
1159 2504 1302 2578 dicam:

188 2651 227 2726 N
230 2677 280 2727 on
303 2651 407 2726 novi.

238 2827 295 2876 22.
321 2801 405 2899 Ego
431 2827 520 2900 ergo
548 2802 761 2902 recogitans
787 2803 1012 2897 consilium,
1039 2803 1118 2877 dixi
1147 2803 1188 2878 in
1215 2829 1304 2878 con·

189 2951 280 3026 cilio
308 2953 488 3028 adulteris
515 2953 612 3027 tuis:
647 2954 869 3029 effodiamus
899 2955 977 3027 cito
1003 2978 1142 3055 corpus
1168 2954 1305 3029 Hiero·

189 3103 309 3177 momi
317 3131 329 3196 3
354 3101 580 3204 sepeliemus
601 3103 699 3178 illud
724 3105 767 3180 in
787 3105 1069 3206 Ptomotaphio.

239 3259 298 3332 23.
324 3255 517 3329 Futurum
550 3266 607 3330 est
639 3254 744 3330 enim
778 3266 823 3329 ut
854 3258 963 3330 locus
996 3268 1147 3331 sanctus
1182 3255 1231 3329 sit
1261 3253 1303 3331 in

182 3408 374 3480 'aeternum
408 3405 506 3481 acies
539 3432 677 3506 pugnae
710 3406 812 3482 inter
844 3407 1022 3480 umbram
1057 3403 1304 3480 Hieromomi

190 3568 229 3632 et
253 3558 408 3631 umbras
433 3556 618 3632 fidelium.

240 3725 299 3797 24.
324 3707 433 3782 Sicut
454 3707 601 3782 dictum
624 3721 680 3785 est
699 3698 768 3810 per
789 3721 960 3809 poetam:
989 3709 1102 3784 Curoe
1124 3735 1202 3783 non
1221 3709 1305 3806 ipsa

192 3861 235 3934 in
261 3876 387 3936 morte
405 3861 652 3960 relinquunt.

241 4013 301 4088 25.
327 4012 427 4088 Nam
457 4013 527 4087 ubi
552 4040 682 4088 rursus
709 4014 986 4090 Hieromomus
1011 4007 1210 4089 vocaverit
1239 4033 1309 4083 vos

189 4161 238 4235 ab
265 4161 414 4256 inferis,
452 4166 624 4239 revelans
650 4191 768 4265 opera
793 4178 937 4261 vestra,
972 4165 1081 4240 furor
1108 4157 1246 4260 populi
1272 4167 1311 4230 et

189 4313 334 4413 lapides
361 4326 541 4390 corruent
566 4313 608 4392 in
633 4341 704 4392 nos
732 4340 877 4394 omues.
