3562 5364
547 300 676 346 cusum
703 289 1049 349 ureaucsnrrsnds.
1342 292 1363 354 3

217 449 488 527 improbitatemque
513 468 625 520 eorum,
646 448 705 526 qui,
726 468 816 533 quum
842 449 916 509 nihil
935 451 1006 511 boni
1025 452 1128 525 sciant,
1149 453 1360 534 Ephemeridns

175 624 178 630 .
218 577 414 638 conscribunt.

256 705 310 766 Vs.
326 710 372 766 10.
416 727 467 766 vra
481 726 650 766 murmura:
672 717 716 765 est
731 705 818 784 Hugo
832 705 1006 767 Plo-scholas.

590 960 742 1025 CAPUT
765 961 973 1028 TERTIUM

253 1150 433 1190 panormus
459 1150 598 1200 smcunn,
620 1149 688 1207 quae
702 1152 799 1191 rerum
813 1133 917 1209 ignara
930 1133 1002 1191 nihil
1016 1133 1076 1192 sere
1089 1133 1263 1204 extimescit,
1286 1132 1357 1192 dum

211 1273 341 1338 agrestes
369 1272 399 1319 et
420 1259 555 1318 animalia
578 1261 658 1318 tubae
686 1261 819 1320 militaris
845 1261 941 1319 sonitu
968 1274 1178 1332 conterremur,
1200 1261 1356 1341 imaginem

211 1391 324 1469 praebet
341 1389 492 1448 hominum
513 1389 695 1466 simplicium,
716 1391 767 1468 qui
791 1391 872 1462 nihil,
893 1391 948 1450 nisi
969 1411 1037 1450 suas
1057 1411 1103 1450 res
1126 1392 1245 1469 agitant,
1266 1402 1356 1466 atquc

211 1518 327 1577 interim
354 1517 483 1577 infelices
515 1518 720 1578 consolantur:
741 1521 838 1597 itaque
861 1519 1024 1599 Margarita
1043 1520 1181 1601 amplexu
1200 1539 1254 1579 suo
1278 1519 1354 1579 frac-

212 1662 272 1707 tam
285 1646 405 1725 Didymi
419 1658 545 1706 mentem
562 1647 656 1724 erigit.

576 1901 726 1966 CAPUT
748 1901 977 1977 QUARTUM

250 2069 318 2129 Hoc
345 2081 408 2129 toto
436 2070 531 2148 capite
558 2081 742 2147 comparatur
776 2071 940 2148 improbum
980 2072 1128 2151 negotium
1162 2071 1352 2130 scribentium

211 2197 421 2277 Ephemeridas
448 2218 515 2258 cum
541 2199 662 2257 honesto
686 2200 830 2257 bonorum
865 2200 1049 2259 sacerdotum
1077 2220 1141 2259 usu.
1183 2199 1253 2259 Non
1277 2201 1354 2260 euim

210 2329 337 2407 ignorari
359 2327 438 2398 licet,
458 2326 613 2405 plerosque
634 2347 734 2386 omnes
756 2326 968 2405 Ephemeridas
986 2304 1038 2407 per
1052 2329 1168 2388 Italiam
1182 2327 1354 2388 conscribil·

208 2457 330 2517 lantium
351 2468 401 2515 aut
422 2456 552 2514 homines
573 2475 636 2514 esse
656 2455 886 2527 Ecclesiasticus,
907 2468 959 2519 aut
982 2457 1144 2517 sacerdotio
1167 2471 1282 2528 exutos,
1303 2458 1354 2535 qui

210 2587 297 2646 simul
311 2596 472 2665 praetorum
486 2585 681 2663 speculatores
695 2597 771 2644 sunt.

576 2838 727 2903 CAPUT
749 2839 962 2914 QUINTUM

250 3007 304 3068 Vs.
320 3013 407 3070 7-9.
450 3006 521 3065 Vid·
544 3027 632 3084 supra
655 3019 753 3066 notam
777 3005 849 3085 Cap.
872 3007 895 3065 Ι.
916 3028 960 3066 vs.
979 3013 1005 3067 l.
1047 3027 1164 3067 annino
1178 3028 1293 3068 munta
1307 3021 1351 3068 est

210 3138 422 3198 Mediolanum.
462 3155 561 3195 ranan
580 3155 733 3194 ruamus:
755 3136 973 3214 Longobardia.

249 3265 303 3327 Vs.
319 3272 366 3326 10.
409 3286 533 3325 neruus:
554 3265 679 3344 populus
694 3264 892 3324 Mediolanum

250 3395 303 3455 Vs.
321 3401 367 3455 ll.
409 3395 523 3453 Domus
551 3393 684 3453 Visconti
707 3394 738 3452 in
765 3395 854 3451 armis
878 3414 939 3451 suae
963 3393 1058 3470 gentis
1081 3393 1207 3452 habebat
1229 3394 1352 3474 insignia

209 3524 321 3584 colubri
344 3525 484 3584 infantem
508 3524 631 3582 tenentis
655 3522 812 3581 mordiciis.
853 3521 968 3600 Dejecti
995 3521 1112 3579 fuerunt
1138 3541 1156 3580 a
1178 3521 1211 3580 F.
1239 3523 1350 3598 Sforza,

212 3666 315 3733 nepote
335 3653 485 3732 cujusdam
506 3653 606 3719 rustici
625 3653 708 3730 cujus
730 3664 793 3710 erat
806 3664 920 3711 scutum
933 3650 1010 3710 malo
1025 3649 1149 3727 cydonio
1163 3650 1350 3713 distinctumr

209 3781 320 3842 Sforzae
343 3795 439 3842 autem
460 3782 537 3860 pulsi
556 3783 593 3840 ab
605 3781 699 3840 Gallis
721 3781 861 3860 liligeris3
885 3781 974 3858 hique
994 3799 1093 3837 rursus
1114 3797 1131 3837 a
1152 3777 1259 3839 Carolo
1270 3782 1309 3843 V.
1321 3785 1352 3844 in

210 3913 417 3971 monachorum
441 3911 571 3970 ordinem
601 3911 776 3981 transituro;
813 3909 896 3988 cujus
921 3907 1031 3987 posteri
1057 3907 1183 3985 primum
1215 3908 1352 3990 Hispani,

211 4040 316 4101 deinde
329 4041 477 4101 Austriaci
495 4040 730 4118 Longobardiam
744 4053 862 4099 tenuere
875 4040 930 4098 sub
944 4037 1053 4096 tributo
1066 4055 1119 4114 per
1132 4049 1276 4116 satrapas.
