3562 5364
563 292 691 336 curvis
718 269 1071 335 urenncsnresabs.
1346 273 1384 342 ll

238 433 431 499 Patriciorum
445 423 580 499 concitati
593 438 659 498 illas
674 438 841 508 effecerunt,
864 432 965 497 turbas
979 458 1067 516 quam
1087 439 1129 497 rei
1146 439 1276 520 publioae
1289 456 1385 505 muta-

236 568 345 627 tionem
359 567 416 627 dici
430 567 559 630 voluere

278 689 331 755 vs:
349 700 396 755 19.
437 715 656 755 eannurvrrss:
678 650 801 754 llobiles
822 693 995 765 Mediolani,
1011 695 1062 772 qui
1080 695 1199 774 quidem
1217 698 1322 760 Italico
1342 703 1386 761 in-

235 825 380 884 sultavere
408 825 556 896 exercitui,
579 845 638 903 quo
665 824 712 884 die
736 824 884 883 Austriaci
909 823 1110 884 Mediolanum
1135 827 1239 888 urbem
1263 828 1387 906 ingrcssi

235 972 338 1033 reapse
351 955 500 1014 civitatem
513 954 710 1026 restituerunt,
730 955 855 1013 tuituros
869 953 1002 1032 polliciti.

275 1082 328 1143 Vs.
352 1086 480 1142 22-24.
525 1084 641 1142 lodoles
664 1083 884 1159 Patr-ipsiorum,
905 1083 1108 1158 Jacobinorum,
1129 1085 1384 1163 &publicanorum

235 1214 434 1274 Praeclarum
447 1212 549 1283 Italiae,
563 1213 721 1292 praesertim
734 1212 908 1282 Mediolani,
920 1214 971 1290 qui
985 1214 1042 1272 illis
1056 1214 1191 1274 civilibus
1205 1217 1298 1275 turbis
1313 1218 1386 1277 nrlril

233 1342 288 1403 nisi
301 1342 416 1401 lucrum
430 1354 460 1399 et
473 1340 713 1419 qualemcumque
726 1341 850 1400 nominis
865 1340 1062 1401 celebritatem
1076 1344 1248 1420 quaesivere.

275 1470 328 1531 Vs.
352 1476 401 1529 25.
445 1470 692 1548 Froben-Maccus,
706 1469 768 1529 sive
782 1468 899 1528 Fratres
912 1469 1021 1528 Liberi.

275 1600 327 1659 Vs.
349 1604 478 1661 26-27.
522 1598 717 1677 Metuplysicb
731 1598 781 1674 qui
795 1597 867 1656 nihil
885 1598 999 1675 agendo
1017 1612 1173 1677 expectant
1192 1602 1310 1662 humani
1331 1624 1383 1682 ge·

232 1733 310 1792 neris
332 1732 548 1810 perfectionem,
571 1748 692 1805 eamque
715 1728 798 1805 quasi
818 1728 1017 1786 imminentem
1041 1741 1164 1800 canunt3
1197 1750 1287 1808 quare
1310 1753 1382 1792 mox

232 1872 299 1940 post
320 1881 430 1940 paucos
451 1880 544 1920 annos
567 1858 689 1917 liberam
710 1856 791 1915 aiunt
810 1855 873 1914 sore
892 1856 1056 1916 universam
1072 1855 1239 1937 Europam:
1266 1860 1382 1920 interim

232 1987 289 2067 ipsi
302 1987 462 2046 dormiunt.

272 2113 326 2176 Vs.
348 2120 477 2175 28-29.
519 2113 594 2172 Sunt
615 2112 685 2172 boni
705 2109 799 2170 Italiae
821 2111 898 2170 cives
919 2112 1118 2191 imprudenter
1137 2115 1174 2175 de
1193 2117 1298 2195 patriae
1318 2137 1380 2176 suae

230 2245 348 2307 miseria
368 2255 586 2321 conquerentes,
608 2252 641 2300 ut
653 2241 724 2299 olim
736 2240 915 2316 Thrasybuli
932 2242 1110 2320 temporibus
1123 2243 1234 2323 fortius
1253 2247 1314 2304 boni
1328 2266 1380 2323 pro

232 2377 359 2434 libertate
373 2375 560 2451 loquebantur,
575 2391 654 2448 quom
665 2332 834 2448 paginolam.

272 2501 326 2560 Vs.
347 2507 396 2559 30.
437 2498 619 2559 Sacerdotes.

272 2630 324 2689 Vs.
347 2635 396 2688 31.
438 2628 660 2687 Gubernatores
673 2627 820 2707 Austriaci
835 2628 886 2704 qui
901 2628 1064 2687 animorum
1078 2627 1197 2687 dissidia
1215 2640 1335 2688 movent
1347 2642 1377 2687 et

231 2758 440 2838 conjurationes
455 2755 607 2815 somniant.
753 2719 759 2744 ὁ

270 2886 323 2946 Vs.
346 2892 394 2945 33.
436 2904 579 2945 voauuau
595 2902 728 2943 unicurt:
749 2881 846 2942 Biblia
860 2881 959 2942 Sacra.

269 3016 323 3076 Vs.
345 3021 394 3076 34.
415 3035 479 3093 sqq.
523 3013 624 3092 Usque
644 3012 682 3072 ad
696 3011 784 3070 linem
798 3011 901 3088 capitis
922 3009 1019 3088 agitur
1038 3010 1075 3071 de
1088 3012 1184 3072 Italiae
1203 3024 1281 3072 statu
1299 3032 1377 3092 prae·

228 3157 318 3215 sente,
346 3145 496 3223 praeterito
518 3122 682 3214 soluturo,
705 3162 792 3221 quem
813 3161 830 3200 e
854 3142 943 3202 sacris
965 3140 1049 3201 libris
1072 3141 1191 3202 fatidico
1214 3162 1266 3202 ore
1288 3143 1376 3203 inter·

228 3286 383 3352 pretamur.
