<?xml version="1.0" encoding="UTF-8"?>
<!DOCTYPE html PUBLIC "-//W3C//DTD XHTML 1.0 Transitional//EN"
    "http://www.w3.org/TR/xhtml1/DTD/xhtml1-transitional.dtd">
<html xmlns="http://www.w3.org/1999/xhtml" xml:lang="en" lang="en">
 <head>
  <title>
</title>
<meta http-equiv="Content-Type" content="text/html;charset=utf-8" />
  <meta name='ocr-system' content='tesseract 3.04.00' />
  <meta name='ocr-capabilities' content='ocr_page ocr_carea ocr_par ocr_line ocrx_word'/>
</head>
<body>
  <div class='ocr_page' id='page_1' title='image "./didymiclericipr00foscgoog_0096.png"; bbox 0 0 3562 5364; ppageno 0'>
   <div class='ocr_carea' id='block_1_1' title="bbox 506 277 1325 345">
    <p class='ocr_par' dir='ltr' id='par_1_1' title="bbox 506 277 1325 345">
     <span class='ocr_line' id='line_1_1' title="bbox 506 277 1325 345; baseline 0.001 -2"><span class='ocrx_word' id='word_1_1' title='bbox 506 301 633 345; x_wconf 65' lang='lat' dir='ltr'><strong>cnivis</strong></span> <span class='ocrx_word' id='word_1_2' title='bbox 659 277 1012 343; x_wconf 74' lang='lat' dir='ltr'><strong>urrancaarrsnds.</strong></span> <span class='ocrx_word' id='word_1_3' title='bbox 1305 283 1325 344; x_wconf 85' lang='lat'><strong><em>5</em></strong></span> 
     </span>
    </p>
   </div>
   <div class='ocr_carea' id='block_1_2' title="bbox 145 446 1328 654">
    <p class='ocr_par' dir='ltr' id='par_1_2' title="bbox 145 446 1328 654">
     <span class='ocr_line' id='line_1_2' title="bbox 145 446 1326 523; baseline 0.003 -18"><span class='ocrx_word' id='word_1_4' title='bbox 145 468 149 475; x_wconf 91' lang='lat'><strong>·</strong></span> <span class='ocrx_word' id='word_1_5' title='bbox 183 446 412 506; x_wconf 83' lang='lat' dir='ltr'><strong>contemnendus</strong></span> <span class='ocrx_word' id='word_1_6' title='bbox 440 447 531 506; x_wconf 89' lang='lat' dir='ltr'><strong>multa</strong></span> <span class='ocrx_word' id='word_1_7' title='bbox 555 459 617 506; x_wconf 88' lang='lat' dir='ltr'><strong>arte</strong></span> <span class='ocrx_word' id='word_1_8' title='bbox 640 466 749 515; x_wconf 86' lang='lat' dir='ltr'><strong>omnes,</strong></span> <span class='ocrx_word' id='word_1_9' title='bbox 770 446 822 523; x_wconf 93' lang='lat' dir='ltr'><strong>qui</strong></span> <span class='ocrx_word' id='word_1_10' title='bbox 846 446 923 506; x_wconf 87' lang='lat' dir='ltr'><strong>circa</strong></span> <span class='ocrx_word' id='word_1_11' title='bbox 942 467 1009 506; x_wconf 87' lang='lat' dir='ltr'><strong>eum</strong></span> <span class='ocrx_word' id='word_1_12' title='bbox 1029 458 1121 517; x_wconf 88' lang='lat' dir='ltr'><strong>erant,</strong></span> <span class='ocrx_word' id='word_1_13' title='bbox 1142 460 1326 509; x_wconf 79' lang='lat' dir='ltr'>contemnere</span> 
     </span>
     <span class='ocr_line' id='line_1_3' title="bbox 181 569 1328 654; baseline 0.006 -23"><span class='ocrx_word' id='word_1_14' title='bbox 181 569 296 632; x_wconf 86' lang='lat' dir='ltr'><strong>soleret.</strong></span> <span class='ocrx_word' id='word_1_15' title='bbox 338 573 400 640; x_wconf 84' lang='lat' dir='ltr'><strong>Qui</strong></span> <span class='ocrx_word' id='word_1_16' title='bbox 419 595 510 653; x_wconf 91' lang='lat' dir='ltr'><strong>quum</strong></span> <span class='ocrx_word' id='word_1_17' title='bbox 531 587 607 635; x_wconf 84' lang='lat' dir='ltr'><strong>esset</strong></span> <span class='ocrx_word' id='word_1_18' title='bbox 628 588 657 634; x_wconf 90' lang='lat' dir='ltr'><strong>et</strong></span> <span class='ocrx_word' id='word_1_19' title='bbox 670 574 790 634; x_wconf 88' lang='lat' dir='ltr'><strong>Senatui</strong></span> <span class='ocrx_word' id='word_1_20' title='bbox 803 575 960 654; x_wconf 76' lang='lat' dir='ltr'><strong>praefectus</strong></span> <span class='ocrx_word' id='word_1_21' title='bbox 973 588 1004 635; x_wconf 89' lang='lat' dir='ltr'><strong>et</strong></span> <span class='ocrx_word' id='word_1_22' title='bbox 1016 576 1155 635; x_wconf 89' lang='lat' dir='ltr'><strong>Instituto</strong></span> <span class='ocrx_word' id='word_1_23' title='bbox 1169 575 1328 651; x_wconf 86' lang='lat' dir='ltr'><strong>Nationali,</strong></span> 
     </span>
    </p>
   </div>
   <div class='ocr_carea' id='block_1_3' title="bbox 182 701 1327 784">
    <p class='ocr_par' dir='ltr' id='par_1_3' title="bbox 182 701 1327 784">
     <span class='ocr_line' id='line_1_4' title="bbox 182 701 1327 784; baseline 0.003 -22"><span class='ocrx_word' id='word_1_24' title='bbox 182 701 312 779; x_wconf 87' lang='lat' dir='ltr'><strong>quotidie</strong></span> <span class='ocrx_word' id='word_1_25' title='bbox 324 722 431 781; x_wconf 87' lang='lat' dir='ltr'><strong>magna</strong></span> <span class='ocrx_word' id='word_1_26' title='bbox 445 704 482 762; x_wconf 87' lang='lat' dir='ltr'><strong>ad</strong></span> <span class='ocrx_word' id='word_1_27' title='bbox 497 725 564 763; x_wconf 91' lang='lat' dir='ltr'><strong>eum</strong></span> <span class='ocrx_word' id='word_1_28' title='bbox 577 704 740 763; x_wconf 83' lang='lat' dir='ltr'><strong>ventitabat</strong></span> <span class='ocrx_word' id='word_1_29' title='bbox 753 704 831 764; x_wconf 88' lang='lat' dir='ltr'><strong>unda</strong></span> <span class='ocrx_word' id='word_1_30' title='bbox 845 704 1031 776; x_wconf 85' lang='lat' dir='ltr'><strong>salutantum,</strong></span> <span class='ocrx_word' id='word_1_31' title='bbox 1051 705 1234 784; x_wconf 85' lang='lat' dir='ltr'><strong>habebatque</strong></span> <span class='ocrx_word' id='word_1_32' title='bbox 1247 707 1327 784; x_wconf 90' lang='lat' dir='ltr'><strong>apud</strong></span> 
     </span>
    </p>
   </div>
   <div class='ocr_carea' id='block_1_4' title="bbox 131 832 1418 913">
    <p class='ocr_par' dir='ltr' id='par_1_4' title="bbox 131 832 1418 913">
     <span class='ocr_line' id='line_1_5' title="bbox 131 832 1418 913; baseline 0.005 -24"><span class='ocrx_word' id='word_1_33' title='bbox 131 852 134 857; x_wconf 93' lang='lat'>·</span> <span class='ocrx_word' id='word_1_34' title='bbox 181 852 213 890; x_wconf 81' lang='lat' dir='ltr'><strong>ue</strong></span> <span class='ocrx_word' id='word_1_35' title='bbox 226 832 407 909; x_wconf 86' lang='lat' dir='ltr'><strong>vespertinos</strong></span> <span class='ocrx_word' id='word_1_36' title='bbox 431 833 582 891; x_wconf 89' lang='lat' dir='ltr'><strong>hominum</strong></span> <span class='ocrx_word' id='word_1_37' title='bbox 601 833 780 892; x_wconf 89' lang='lat' dir='ltr'><strong>eruditorum</strong></span> <span class='ocrx_word' id='word_1_38' title='bbox 802 847 906 892; x_wconf 85' lang='lat' dir='ltr'><strong>coetus.</strong></span> <span class='ocrx_word' id='word_1_39' title='bbox 949 833 1041 893; x_wconf 87' lang='lat' dir='ltr'><strong>Filius</strong></span> <span class='ocrx_word' id='word_1_40' title='bbox 1062 834 1226 913; x_wconf 84' lang='lat' dir='ltr'><strong>fuitpoetae</strong></span> <span class='ocrx_word' id='word_1_41' title='bbox 1246 836 1326 896; x_wconf 94' lang='lat' dir='ltr'><strong>haud</strong></span> <span class='ocrx_word' id='word_1_42' title='bbox 1416 882 1418 887; x_wconf 82' lang='lat'><strong>.</strong></span> 
     </span>
    </p>
   </div>
   <div class='ocr_carea' id='block_1_5' title="bbox 181 960 1330 1680">
    <p class='ocr_par' dir='ltr' id='par_1_5' title="bbox 181 960 1327 1559">
     <span class='ocr_line' id='line_1_6' title="bbox 181 960 1325 1040; baseline 0.004 -21"><span class='ocrx_word' id='word_1_43' title='bbox 181 962 318 1040; x_wconf 90' lang='lat' dir='ltr'><strong>ignobilis</strong></span> <span class='ocrx_word' id='word_1_44' title='bbox 333 960 506 1038; x_wconf 85' lang='lat' dir='ltr'><strong>Regiensis:</strong></span> <span class='ocrx_word' id='word_1_45' title='bbox 528 960 677 1039; x_wconf 88' lang='lat' dir='ltr'><strong>patrisque</strong></span> <span class='ocrx_word' id='word_1_46' title='bbox 691 962 768 1021; x_wconf 85' lang='lat' dir='ltr'><strong>fama</strong></span> <span class='ocrx_word' id='word_1_47' title='bbox 789 962 867 1021; x_wconf 88' lang='lat' dir='ltr'><strong>filius</strong></span> <span class='ocrx_word' id='word_1_48' title='bbox 887 963 926 1021; x_wconf 94' lang='lat' dir='ltr'><strong>ad</strong></span> <span class='ocrx_word' id='word_1_49' title='bbox 944 963 1062 1022; x_wconf 89' lang='lat' dir='ltr'><strong>nimiam</strong></span> <span class='ocrx_word' id='word_1_50' title='bbox 1077 963 1114 1022; x_wconf 92' lang='lat' dir='ltr'><strong>de</strong></span> <span class='ocrx_word' id='word_1_51' title='bbox 1128 984 1180 1022; x_wconf 85' lang='lat' dir='ltr'><strong>sua</strong></span> <span class='ocrx_word' id='word_1_52' title='bbox 1194 965 1325 1024; x_wconf 82' lang='lat' dir='ltr'><strong>doctrina</strong></span> 
     </span>
     <span class='ocr_line' id='line_1_7' title="bbox 181 1090 1325 1171; baseline 0.003 -23"><span class='ocrx_word' id='word_1_53' title='bbox 181 1090 346 1169; x_wconf 88' lang='lat' dir='ltr'><strong>opinionem</strong></span> <span class='ocrx_word' id='word_1_54' title='bbox 371 1092 479 1149; x_wconf 90' lang='lat' dir='ltr'><strong>abusus</strong></span> <span class='ocrx_word' id='word_1_55' title='bbox 506 1103 559 1160; x_wconf 90' lang='lat' dir='ltr'><strong>est,</strong></span> <span class='ocrx_word' id='word_1_56' title='bbox 590 1090 665 1148; x_wconf 90' lang='lat' dir='ltr'><strong>inter</strong></span> <span class='ocrx_word' id='word_1_57' title='bbox 686 1104 787 1168; x_wconf 90' lang='lat' dir='ltr'><strong>poetas</strong></span> <span class='ocrx_word' id='word_1_58' title='bbox 811 1104 990 1168; x_wconf 85' lang='lat' dir='ltr'><strong>geometram</strong></span> <span class='ocrx_word' id='word_1_59' title='bbox 1015 1113 1047 1150; x_wconf 92' lang='lat' dir='ltr'><strong>se</strong></span> <span class='ocrx_word' id='word_1_60' title='bbox 1073 1092 1178 1164; x_wconf 90' lang='lat' dir='ltr'><strong>ferens,</strong></span> <span class='ocrx_word' id='word_1_61' title='bbox 1208 1106 1325 1171; x_wconf 85' lang='lat' dir='ltr'><strong>poetam</strong></span> 
     </span>
     <span class='ocr_line' id='line_1_8' title="bbox 182 1217 1327 1298; baseline 0.004 -21"><span class='ocrx_word' id='word_1_62' title='bbox 182 1221 258 1279; x_wconf 88' lang='lat' dir='ltr'><strong>inter</strong></span> <span class='ocrx_word' id='word_1_63' title='bbox 271 1231 444 1298; x_wconf 88' lang='lat' dir='ltr'><strong>geometras.</strong></span> <span class='ocrx_word' id='word_1_64' title='bbox 488 1217 626 1278; x_wconf 86' lang='lat' dir='ltr'><strong>Ceterum</strong></span> <span class='ocrx_word' id='word_1_65' title='bbox 645 1220 716 1277; x_wconf 90' lang='lat' dir='ltr'><strong>nihil</strong></span> <span class='ocrx_word' id='word_1_66' title='bbox 734 1221 815 1280; x_wconf 94' lang='lat' dir='ltr'><strong>aliud</strong></span> <span class='ocrx_word' id='word_1_67' title='bbox 834 1222 903 1298; x_wconf 89' lang='lat' dir='ltr'><strong>egit,</strong></span> <span class='ocrx_word' id='word_1_68' title='bbox 925 1221 980 1278; x_wconf 90' lang='lat' dir='ltr'><strong>nisi</strong></span> <span class='ocrx_word' id='word_1_69' title='bbox 1001 1233 1033 1278; x_wconf 92' lang='lat' dir='ltr'><strong>nt</strong></span> <span class='ocrx_word' id='word_1_70' title='bbox 1051 1221 1229 1281; x_wconf 89' lang='lat' dir='ltr'><strong>necessarius</strong></span> <span class='ocrx_word' id='word_1_71' title='bbox 1250 1237 1327 1282; x_wconf 84' lang='lat' dir='ltr'><strong>esset</strong></span> 
     </span>
     <span class='ocr_line' id='line_1_9' title="bbox 185 1350 1325 1428; baseline 0 -20"><span class='ocrx_word' id='word_1_72' title='bbox 185 1351 357 1427; x_wconf 82' lang='lat' dir='ltr'><strong>Boooportoe‚</strong></span> <span class='ocrx_word' id='word_1_73' title='bbox 381 1350 426 1408; x_wconf 89' lang='lat' dir='ltr'><strong>cui</strong></span> <span class='ocrx_word' id='word_1_74' title='bbox 441 1351 557 1427; x_wconf 90' lang='lat' dir='ltr'><strong>quidem</strong></span> <span class='ocrx_word' id='word_1_75' title='bbox 575 1361 692 1427; x_wconf 90' lang='lat' dir='ltr'><strong>gratum</strong></span> <span class='ocrx_word' id='word_1_76' title='bbox 707 1351 776 1409; x_wconf 89' lang='lat' dir='ltr'><strong>fecit</strong></span> <span class='ocrx_word' id='word_1_77' title='bbox 795 1351 959 1411; x_wconf 91' lang='lat' dir='ltr'><strong>hominibus</strong></span> <span class='ocrx_word' id='word_1_78' title='bbox 973 1350 1067 1409; x_wconf 85' lang='lat' dir='ltr'><strong>doctis</strong></span> <span class='ocrx_word' id='word_1_79' title='bbox 1081 1352 1111 1408; x_wconf 92' lang='lat' dir='ltr'><strong>in</strong></span> <span class='ocrx_word' id='word_1_80' title='bbox 1125 1363 1325 1428; x_wconf 90' lang='lat' dir='ltr'><strong>contemptum</strong></span> 
     </span>
     <span class='ocr_line' id='line_1_10' title="bbox 182 1452 1174 1559; baseline 0 -21"><span class='ocrx_word' id='word_1_81' title='bbox 182 1479 379 1540; x_wconf 85' lang='lat' dir='ltr'><strong>adducendis:</strong></span> <span class='ocrx_word' id='word_1_82' title='bbox 400 1480 455 1538; x_wconf 94' lang='lat' dir='ltr'><strong>hoc</strong></span> <span class='ocrx_word' id='word_1_83' title='bbox 469 1479 547 1537; x_wconf 89' lang='lat' dir='ltr'><strong>enim</strong></span> <span class='ocrx_word' id='word_1_84' title='bbox 560 1499 619 1536; x_wconf 91' lang='lat' dir='ltr'><strong>non</strong></span> <span class='ocrx_word' id='word_1_85' title='bbox 628 1452 783 1537; x_wconf 38' lang='lat' dir='ltr'><strong>&#39;abhorruit</strong></span> <span class='ocrx_word' id='word_1_86' title='bbox 797 1480 1027 1559; x_wconf 22' lang='lat' dir='ltr'><strong>ablNopoleootis</strong></span> <span class='ocrx_word' id='word_1_87' title='bbox 1038 1479 1174 1538; x_wconf 86' lang='lat' dir='ltr'><strong>consiliis.</strong></span> 
     </span>
    </p>

    <p class='ocr_par' dir='ltr' id='par_1_6' title="bbox 223 1608 1330 1680">
     <span class='ocr_line' id='line_1_11' title="bbox 223 1608 1330 1680; baseline -0.001 -14"><span class='ocrx_word' id='word_1_88' title='bbox 223 1608 276 1668; x_wconf 85' lang='lat' dir='ltr'><strong>Vs.</strong></span> <span class='ocrx_word' id='word_1_89' title='bbox 298 1613 326 1666; x_wconf 89' lang='lat'><strong>8.</strong></span> <span class='ocrx_word' id='word_1_90' title='bbox 369 1628 508 1666; x_wconf 74' lang='lat' dir='ltr'><strong>moronus</strong></span> <span class='ocrx_word' id='word_1_91' title='bbox 539 1627 726 1670; x_wconf 79' lang='lat' dir='ltr'><strong>aouasrnns:</strong></span> <span class='ocrx_word' id='word_1_92' title='bbox 749 1609 811 1680; x_wconf 87' lang='lat' dir='ltr'><strong>(Lo</strong></span> <span class='ocrx_word' id='word_1_93' title='bbox 840 1609 1233 1680; x_wconf 47' lang='lat' dir='ltr'><strong>Geodomermfflasrauu</strong></span> <span class='ocrx_word' id='word_1_94' title='bbox 1257 1626 1330 1666; x_wconf 80' lang='lat' dir='ltr'><strong>cm·</strong></span> 
     </span>
    </p>
   </div>
   <div class='ocr_carea' id='block_1_6' title="bbox 183 1736 646 1796">
    <p class='ocr_par' dir='ltr' id='par_1_7' title="bbox 183 1736 646 1796">
     <span class='ocr_line' id='line_1_12' title="bbox 183 1736 646 1796; baseline 0.004 -2"><span class='ocrx_word' id='word_1_95' title='bbox 183 1757 265 1795; x_wconf 70' lang='lat' dir='ltr'><strong>rums</strong></span> <span class='ocrx_word' id='word_1_96' title='bbox 286 1756 479 1796; x_wconf 74' lang='lat' dir='ltr'><strong>ennunosrn:</strong></span> <span class='ocrx_word' id='word_1_97' title='bbox 501 1736 646 1796; x_wconf 74' lang='lat' dir='ltr'><strong>Mantuae.</strong></span> 
     </span>
    </p>
   </div>
   <div class='ocr_carea' id='block_1_7' title="bbox 541 1992 957 2057">
    <p class='ocr_par' dir='ltr' id='par_1_8' title="bbox 541 1992 957 2057">
     <span class='ocr_line' id='line_1_13' title="bbox 541 1992 957 2057; baseline 0.002 -1"><span class='ocrx_word' id='word_1_98' title='bbox 541 1992 691 2057; x_wconf 84' lang='lat' dir='ltr'><strong>CAPUT</strong></span> <span class='ocrx_word' id='word_1_99' title='bbox 714 1992 957 2057; x_wconf 84' lang='lat' dir='ltr'>SEPTIMUM</span> 
     </span>
    </p>
   </div>
   <div class='ocr_carea' id='block_1_8' title="bbox 185 2144 1369 3400">
    <p class='ocr_par' dir='ltr' id='par_1_9' title="bbox 185 2144 1328 2497">
     <span class='ocr_line' id='line_1_14' title="bbox 225 2144 1328 2239; baseline 0.001 -22"><span class='ocrx_word' id='word_1_100' title='bbox 225 2144 285 2219; x_wconf 79' lang='lat' dir='ltr'><strong>Vs.¹</strong></span> <span class='ocrx_word' id='word_1_101' title='bbox 300 2166 388 2223; x_wconf 87' lang='grc'><strong>1-7.</strong></span> <span class='ocrx_word' id='word_1_102' title='bbox 430 2161 580 2238; x_wconf 85' lang='lat' dir='ltr'><strong>Quicquid</strong></span> <span class='ocrx_word' id='word_1_103' title='bbox 594 2161 630 2219; x_wconf 94' lang='lat' dir='ltr'><strong>de</strong></span> <span class='ocrx_word' id='word_1_104' title='bbox 645 2160 802 2237; x_wconf 81' lang='lat' dir='ltr'><strong>Lamprediz&#39;</strong></span> <span class='ocrx_word' id='word_1_105' title='bbox 815 2160 963 2239; x_wconf 88' lang='lat' dir='ltr'><strong>punitione</strong></span> <span class='ocrx_word' id='word_1_106' title='bbox 977 2158 1082 2220; x_wconf 87' lang='lat' dir='ltr'><strong>dicitur</strong></span> <span class='ocrx_word' id='word_1_107' title='bbox 1101 2161 1210 2228; x_wconf 84' lang='lat' dir='ltr'><strong>fictum.</strong></span> <span class='ocrx_word' id='word_1_108' title='bbox 1234 2180 1328 2239; x_wconf 87' lang='lat' dir='ltr'><strong>neque</strong></span> 
     </span>
     <span class='ocr_line' id='line_1_15' title="bbox 186 2288 1328 2368; baseline 0.004 -22"><span class='ocrx_word' id='word_1_109' title='bbox 186 2288 245 2349; x_wconf 89' lang='lat' dir='ltr'><strong>ulla</strong></span> <span class='ocrx_word' id='word_1_110' title='bbox 264 2290 339 2349; x_wconf 85' lang='lat' dir='ltr'><strong>inest</strong></span> <span class='ocrx_word' id='word_1_111' title='bbox 352 2311 449 2349; x_wconf 90' lang='lat' dir='ltr'><strong>rerum</strong></span> <span class='ocrx_word' id='word_1_112' title='bbox 471 2290 597 2349; x_wconf 87' lang='lat' dir='ltr'><strong>veritas:</strong></span> <span class='ocrx_word' id='word_1_113' title='bbox 620 2289 670 2348; x_wconf 90' lang='lat' dir='ltr'><strong>sed</strong></span> <span class='ocrx_word' id='word_1_114' title='bbox 685 2310 751 2366; x_wconf 89' lang='lat' dir='ltr'><strong>qnae</strong></span> <span class='ocrx_word' id='word_1_115' title='bbox 772 2290 923 2368; x_wconf 85' lang='lat' dir='ltr'><strong>praecessit</strong></span> <span class='ocrx_word' id='word_1_116' title='bbox 946 2302 975 2348; x_wconf 90' lang='lat' dir='ltr'><strong>et</strong></span> <span class='ocrx_word' id='word_1_117' title='bbox 999 2309 1067 2367; x_wconf 86' lang='lat' dir='ltr'><strong>quae</strong></span> <span class='ocrx_word' id='word_1_118' title='bbox 1089 2291 1136 2349; x_wconf 90' lang='lat' dir='ltr'><strong>hic</strong></span> <span class='ocrx_word' id='word_1_119' title='bbox 1156 2290 1265 2368; x_wconf 85' lang='lat' dir='ltr'><strong>legitur</strong></span> <span class='ocrx_word' id='word_1_120' title='bbox 1291 2290 1328 2350; x_wconf 89' lang='lat' dir='ltr'><strong>de</strong></span> 
     </span>
     <span class='ocr_line' id='line_1_16' title="bbox 185 2418 1018 2497; baseline 0.001 -22"><span class='ocrx_word' id='word_1_121' title='bbox 185 2418 260 2478; x_wconf 88' lang='lat' dir='ltr'><strong>illius</strong></span> <span class='ocrx_word' id='word_1_122' title='bbox 274 2419 489 2497; x_wconf 86' lang='lat' dir='ltr'><strong>vaniloquentia</strong></span> <span class='ocrx_word' id='word_1_123' title='bbox 503 2418 630 2477; x_wconf 89' lang='lat' dir='ltr'><strong>narratio</strong></span> <span class='ocrx_word' id='word_1_124' title='bbox 644 2419 682 2477; x_wconf 91' lang='lat' dir='ltr'><strong>ad</strong></span> <span class='ocrx_word' id='word_1_125' title='bbox 697 2419 797 2477; x_wconf 88' lang='lat' dir='ltr'><strong>vivum</strong></span> <span class='ocrx_word' id='word_1_126' title='bbox 811 2438 949 2496; x_wconf 86' lang='lat' dir='ltr'><strong>expressa</strong></span> <span class='ocrx_word' id='word_1_127' title='bbox 963 2431 1018 2477; x_wconf 90' lang='lat' dir='ltr'><strong>est.</strong></span> 
     </span>
    </p>

    <p class='ocr_par' dir='ltr' id='par_1_10' title="bbox 225 2547 1307 2628">
     <span class='ocr_line' id='line_1_17' title="bbox 225 2547 1307 2628; baseline 0.004 -22"><span class='ocrx_word' id='word_1_128' title='bbox 225 2548 277 2607; x_wconf 90' lang='lat' dir='ltr'><strong>Vs.</strong></span> <span class='ocrx_word' id='word_1_129' title='bbox 301 2553 329 2607; x_wconf 88' lang='lat'><strong>8.</strong></span> <span class='ocrx_word' id='word_1_130' title='bbox 371 2547 449 2614; x_wconf 82' lang='lat' dir='ltr'><strong>Quae</strong></span> <span class='ocrx_word' id='word_1_131' title='bbox 462 2548 518 2606; x_wconf 90' lang='lat' dir='ltr'><strong>hoc</strong></span> <span class='ocrx_word' id='word_1_132' title='bbox 531 2567 618 2606; x_wconf 85' lang='lat' dir='ltr'><strong>versu</strong></span> <span class='ocrx_word' id='word_1_133' title='bbox 631 2547 774 2606; x_wconf 89' lang='lat' dir='ltr'><strong>habentur</strong></span> <span class='ocrx_word' id='word_1_134' title='bbox 788 2548 913 2619; x_wconf 90' lang='lat' dir='ltr'><strong>nomina,</strong></span> <span class='ocrx_word' id='word_1_135' title='bbox 935 2549 1117 2627; x_wconf 86' lang='lat' dir='ltr'><strong>explicantur</strong></span> <span class='ocrx_word' id='word_1_136' title='bbox 1127 2551 1221 2628; x_wconf 88' lang='lat' dir='ltr'><strong>capite</strong></span> <span class='ocrx_word' id='word_1_137' title='bbox 1234 2548 1307 2610; x_wconf 84' lang='lat' dir='ltr'><strong>XII.</strong></span> 
     </span>
    </p>

    <p class='ocr_par' dir='ltr' id='par_1_11' title="bbox 186 2676 1369 3400">
     <span class='ocr_line' id='line_1_18' title="bbox 212 2676 1328 2755; baseline 0.004 -19"><span class='ocrx_word' id='word_1_138' title='bbox 212 2678 328 2738; x_wconf 70' lang='lat' dir='ltr'><strong>Vna.</strong></span> <span class='ocrx_word' id='word_1_139' title='bbox 351 2698 414 2754; x_wconf 80' lang='lat' dir='ltr'><strong>sqq.</strong></span> <span class='ocrx_word' id='word_1_140' title='bbox 464 2676 512 2734; x_wconf 92' lang='lat' dir='ltr'><strong>En</strong></span> <span class='ocrx_word' id='word_1_141' title='bbox 549 2676 724 2754; x_wconf 85' lang='lat' dir='ltr'><strong>ipsissimum</strong></span> <span class='ocrx_word' id='word_1_142' title='bbox 757 2676 838 2735; x_wconf 89' lang='lat' dir='ltr'><strong>nulla</strong></span> <span class='ocrx_word' id='word_1_143' title='bbox 880 2677 1102 2755; x_wconf 89' lang='lat' dir='ltr'><strong>amplificatione</strong></span> <span class='ocrx_word' id='word_1_144' title='bbox 1135 2679 1328 2741; x_wconf 84' lang='lat' dir='ltr'><strong>deformatum</strong></span> 
     </span>
     <span class='ocr_line' id='line_1_19' title="bbox 186 2803 1369 2886; baseline 0.003 -20"><span class='ocrx_word' id='word_1_145' title='bbox 186 2807 333 2885; x_wconf 86' lang='lat' dir='ltr'><strong>ingenium</strong></span> <span class='ocrx_word' id='word_1_146' title='bbox 346 2806 496 2864; x_wconf 90' lang='lat' dir='ltr'><strong>hominurn</strong></span> <span class='ocrx_word' id='word_1_147' title='bbox 509 2804 699 2876; x_wconf 91' lang='lat' dir='ltr'><strong>eruditorum,</strong></span> <span class='ocrx_word' id='word_1_148' title='bbox 710 2806 759 2882; x_wconf 92' lang='lat' dir='ltr'><strong>qui</strong></span> <span class='ocrx_word' id='word_1_149' title='bbox 772 2803 935 2865; x_wconf 87' lang='lat' dir='ltr'><strong>Mediolani</strong></span> <span class='ocrx_word' id='word_1_150' title='bbox 948 2806 1150 2868; x_wconf 87' lang='lat' dir='ltr'><strong>ministrabant</strong></span> <span class='ocrx_word' id='word_1_151' title='bbox 1164 2809 1329 2886; x_wconf 81' lang='lat' dir='ltr'><strong>Bonapurtoe</strong></span> <span class='ocrx_word' id='word_1_152' title='bbox 1366 2854 1369 2861; x_wconf 69' lang='grc'><strong>.</strong></span> 
     </span>
     <span class='ocr_line' id='line_1_20' title="bbox 186 2935 1328 3015; baseline 0.003 -19"><span class='ocrx_word' id='word_1_153' title='bbox 186 2950 215 2996; x_wconf 90' lang='lat' dir='ltr'><strong>et</strong></span> <span class='ocrx_word' id='word_1_154' title='bbox 248 2937 324 2995; x_wconf 80' lang='lat' dir='ltr'><strong>aulae</strong></span> <span class='ocrx_word' id='word_1_155' title='bbox 358 2935 485 3013; x_wconf 82' lang='lat' dir='ltr'><strong>Eugenii.</strong></span> <span class='ocrx_word' id='word_1_156' title='bbox 527 2953 641 2993; x_wconf 71' lang='lat' dir='ltr'><strong>aaaron</strong></span> <span class='ocrx_word' id='word_1_157' title='bbox 666 2953 761 2992; x_wconf 77' lang='lat' dir='ltr'><strong>nonus</strong></span> <span class='ocrx_word' id='word_1_158' title='bbox 795 2954 861 2994; x_wconf 91' lang='lat' dir='ltr'><strong>cum</strong></span> <span class='ocrx_word' id='word_1_159' title='bbox 889 2955 999 2995; x_wconf 71' lang='lat' dir='ltr'><strong>vacce:</strong></span> <span class='ocrx_word' id='word_1_160' title='bbox 1027 2936 1198 3015; x_wconf 86' lang='lat' dir='ltr'><strong>intelligitur</strong></span> <span class='ocrx_word' id='word_1_161' title='bbox 1232 2959 1328 2999; x_wconf 89' lang='lat' dir='ltr'><strong>comes</strong></span> 
     </span>
     <span class='ocr_line' id='line_1_21' title="bbox 192 3063 1328 3144; baseline 0.008 -24"><span class='ocrx_word' id='word_1_162' title='bbox 192 3065 344 3135; x_wconf 67' lang='lat' dir='ltr'><strong>Voccorion</strong></span> <span class='ocrx_word' id='word_1_163' title='bbox 377 3064 465 3122; x_wconf 93' lang='lat' dir='ltr'><strong>homo</strong></span> <span class='ocrx_word' id='word_1_164' title='bbox 492 3063 581 3122; x_wconf 91' lang='lat' dir='ltr'><strong>animi</strong></span> <span class='ocrx_word' id='word_1_165' title='bbox 607 3063 722 3134; x_wconf 86' lang='lat' dir='ltr'><strong>nobilis,</strong></span> <span class='ocrx_word' id='word_1_166' title='bbox 752 3063 827 3122; x_wconf 84' lang='lat' dir='ltr'><strong>firmi</strong></span> <span class='ocrx_word' id='word_1_167' title='bbox 855 3066 993 3143; x_wconf 87' lang='lat' dir='ltr'><strong>rectique,</strong></span> <span class='ocrx_word' id='word_1_168' title='bbox 1015 3066 1066 3125; x_wconf 89' lang='lat' dir='ltr'><strong>sed</strong></span> <span class='ocrx_word' id='word_1_169' title='bbox 1093 3068 1142 3144; x_wconf 93' lang='lat' dir='ltr'><strong>qui</strong></span> <span class='ocrx_word' id='word_1_170' title='bbox 1169 3067 1247 3127; x_wconf 88' lang='lat' dir='ltr'><strong>malo</strong></span> <span class='ocrx_word' id='word_1_171' title='bbox 1274 3090 1328 3130; x_wconf 82' lang='lat' dir='ltr'><strong>ouo</strong></span> 
     </span>
     <span class='ocr_line' id='line_1_22' title="bbox 186 3192 1329 3273; baseline 0.004 -21"><span class='ocrx_word' id='word_1_172' title='bbox 186 3195 323 3255; x_wconf 87' lang='lat' dir='ltr'><strong>Minister</strong></span> <span class='ocrx_word' id='word_1_173' title='bbox 336 3213 433 3252; x_wconf 90' lang='lat' dir='ltr'><strong>rerum</strong></span> <span class='ocrx_word' id='word_1_174' title='bbox 445 3192 670 3251; x_wconf 89' lang='lat' dir='ltr'><strong>domesticarum</strong></span> <span class='ocrx_word' id='word_1_175' title='bbox 681 3193 773 3270; x_wconf 89' lang='lat' dir='ltr'><strong>regni,</strong></span> <span class='ocrx_word' id='word_1_176' title='bbox 794 3193 889 3253; x_wconf 87' lang='lat' dir='ltr'><strong>facere</strong></span> <span class='ocrx_word' id='word_1_177' title='bbox 902 3215 960 3253; x_wconf 94' lang='lat' dir='ltr'><strong>non</strong></span> <span class='ocrx_word' id='word_1_178' title='bbox 976 3196 1080 3273; x_wconf 90' lang='lat' dir='ltr'><strong>potuit,</strong></span> <span class='ocrx_word' id='word_1_179' title='bbox 1095 3197 1165 3273; x_wconf 93' lang='lat' dir='ltr'><strong>quin</strong></span> <span class='ocrx_word' id='word_1_180' title='bbox 1179 3197 1329 3257; x_wconf 86' lang='lat' dir='ltr'><strong>adhiberet</strong></span> 
     </span>
     <span class='ocr_line' id='line_1_23' title="bbox 186 3321 1327 3400; baseline 0.004 -18"><span class='ocrx_word' id='word_1_181' title='bbox 186 3343 295 3382; x_wconf 88' lang='lat' dir='ltr'><strong>mensae</strong></span> <span class='ocrx_word' id='word_1_182' title='bbox 316 3343 376 3382; x_wconf 83' lang='lat' dir='ltr'><strong>suae</strong></span> <span class='ocrx_word' id='word_1_183' title='bbox 398 3322 476 3380; x_wconf 86' lang='lat' dir='ltr'><strong>viros</strong></span> <span class='ocrx_word' id='word_1_184' title='bbox 499 3321 601 3380; x_wconf 90' lang='lat' dir='ltr'><strong>doctos</strong></span> <span class='ocrx_word' id='word_1_185' title='bbox 623 3321 698 3380; x_wconf 89' lang='lat' dir='ltr'><strong>aulae</strong></span> <span class='ocrx_word' id='word_1_186' title='bbox 719 3321 853 3393; x_wconf 87' lang='lat' dir='ltr'><strong>deditos;</strong></span> <span class='ocrx_word' id='word_1_187' title='bbox 877 3324 982 3400; x_wconf 87' lang='lat' dir='ltr'><strong>quibus</strong></span> <span class='ocrx_word' id='word_1_188' title='bbox 1002 3324 1052 3382; x_wconf 93' lang='lat' dir='ltr'><strong>ille</strong></span> <span class='ocrx_word' id='word_1_189' title='bbox 1071 3323 1163 3384; x_wconf 86' lang='lat' dir='ltr'><strong>multa</strong></span> <span class='ocrx_word' id='word_1_190' title='bbox 1177 3326 1327 3387; x_wconf 84' lang='lat' dir='ltr'><strong>conserens</strong></span> 
     </span>
    </p>
   </div>
   <div class='ocr_carea' id='block_1_9' title="bbox 186 3450 1015 3529">
    <p class='ocr_par' dir='ltr' id='par_1_12' title="bbox 186 3450 1015 3529">
     <span class='ocr_line' id='line_1_24' title="bbox 186 3450 1015 3529; baseline 0 -18"><span class='ocrx_word' id='word_1_191' title='bbox 186 3451 326 3512; x_wconf 88' lang='lat' dir='ltr'><strong>beneficia</strong></span> <span class='ocrx_word' id='word_1_192' title='bbox 338 3470 417 3528; x_wconf 82' lang='lat' dir='ltr'><strong>saepe</strong></span> <span class='ocrx_word' id='word_1_193' title='bbox 427 3462 565 3529; x_wconf 86' lang='lat' dir='ltr'><strong>expertus</strong></span> <span class='ocrx_word' id='word_1_194' title='bbox 579 3463 625 3510; x_wconf 90' lang='lat' dir='ltr'><strong>est</strong></span> <span class='ocrx_word' id='word_1_195' title='bbox 637 3450 819 3509; x_wconf 83' lang='lat' dir='ltr'><strong>immemores</strong></span> <span class='ocrx_word' id='word_1_196' title='bbox 833 3462 863 3508; x_wconf 89' lang='lat' dir='ltr'><strong>et</strong></span> <span class='ocrx_word' id='word_1_197' title='bbox 876 3451 1015 3529; x_wconf 89' lang='lat' dir='ltr'><strong>ingratos.</strong></span> 
     </span>
    </p>
   </div>
   <div class='ocr_carea' id='block_1_10' title="bbox 549 3701 949 3773">
    <p class='ocr_par' dir='ltr' id='par_1_13' title="bbox 549 3701 949 3773">
     <span class='ocr_line' id='line_1_25' title="bbox 549 3701 949 3773; baseline -0.008 0"><span class='ocrx_word' id='word_1_198' title='bbox 549 3701 702 3773; x_wconf 84' lang='lat' dir='ltr'><strong>CAPUT</strong></span> <span class='ocrx_word' id='word_1_199' title='bbox 724 3706 949 3771; x_wconf 83' lang='lat' dir='ltr'><strong>OCTAVUM</strong></span> 
     </span>
    </p>
   </div>
   <div class='ocr_carea' id='block_1_11' title="bbox 187 3874 1392 4071">
    <p class='ocr_par' dir='ltr' id='par_1_14' title="bbox 187 3874 1392 4071">
     <span class='ocr_line' id='line_1_26' title="bbox 226 3874 1323 3957; baseline 0.003 -21"><span class='ocrx_word' id='word_1_200' title='bbox 226 3878 262 3938; x_wconf 90' lang='lat' dir='ltr'><strong>In</strong></span> <span class='ocrx_word' id='word_1_201' title='bbox 285 3879 341 3937; x_wconf 89' lang='lat' dir='ltr'><strong>boc</strong></span> <span class='ocrx_word' id='word_1_202' title='bbox 355 3878 448 3957; x_wconf 87' lang='lat' dir='ltr'><strong>capite</strong></span> <span class='ocrx_word' id='word_1_203' title='bbox 468 3876 547 3937; x_wconf 90' lang='lat' dir='ltr'><strong>omni</strong></span> <span class='ocrx_word' id='word_1_204' title='bbox 569 3893 698 3935; x_wconf 71' lang='lat' dir='ltr'><strong>etunius</strong></span> <span class='ocrx_word' id='word_1_205' title='bbox 715 3894 778 3934; x_wconf 79' lang='lat' dir='ltr'><strong>vnn</strong></span> <span class='ocrx_word' id='word_1_206' title='bbox 791 3894 945 3934; x_wconf 75' lang='lat' dir='ltr'><strong>rnnmums</strong></span> <span class='ocrx_word' id='word_1_207' title='bbox 959 3887 1004 3935; x_wconf 88' lang='lat' dir='ltr'><strong>est</strong></span> <span class='ocrx_word' id='word_1_208' title='bbox 1015 3874 1109 3954; x_wconf 89' lang='lat' dir='ltr'><strong>figura</strong></span> <span class='ocrx_word' id='word_1_209' title='bbox 1122 3877 1222 3956; x_wconf 88' lang='lat' dir='ltr'><strong>gladii,</strong></span> <span class='ocrx_word' id='word_1_210' title='bbox 1235 3893 1323 3955; x_wconf 87' lang='lat' dir='ltr'><strong>quam</strong></span> 
     </span>
     <span class='ocr_line' id='line_1_27' title="bbox 187 4000 1392 4071; baseline 0.004 -6"><span class='ocrx_word' id='word_1_211' title='bbox 187 4005 314 4067; x_wconf 88' lang='lat' dir='ltr'><strong>Veritati</strong></span> <span class='ocrx_word' id='word_1_212' title='bbox 343 4005 468 4066; x_wconf 85' lang='lat' dir='ltr'><strong>tribuere</strong></span> <span class='ocrx_word' id='word_1_213' title='bbox 494 4002 738 4066; x_wconf 84' lang='lat' dir='ltr'><strong>solemus—EST</strong></span> <span class='ocrx_word' id='word_1_214' title='bbox 769 4000 866 4064; x_wconf 78' lang='lat' dir='ltr'>EST:</span> <span class='ocrx_word' id='word_1_215' title='bbox 895 4002 987 4063; x_wconf 90' lang='lat' dir='ltr'><strong>NON</strong></span> <span class='ocrx_word' id='word_1_216' title='bbox 1007 4002 1116 4066; x_wconf 89' lang='lat' dir='ltr'>NON:</span> <span class='ocrx_word' id='word_1_217' title='bbox 1147 4021 1215 4067; x_wconf 85' lang='lat' dir='ltr'><strong>sunt</strong></span> <span class='ocrx_word' id='word_1_218' title='bbox 1234 4010 1324 4068; x_wconf 86' lang='lat' dir='ltr'><strong>verba</strong></span> <span class='ocrx_word' id='word_1_219' title='bbox 1388 4065 1392 4071; x_wconf 84' lang='lat'><strong>.</strong></span> 
     </span>
    </p>
   </div>
   <div class='ocr_carea' id='block_1_12' title="bbox 0 0 1793 5364">
    <p class='ocr_par' dir='ltr' id='par_1_15' title="bbox 0 0 1793 5364">
     <span class='ocr_line' id='line_1_28' title="bbox 0 0 1793 5364; baseline 0 0"><span class='ocrx_word' id='word_1_220' title='bbox 0 0 1793 5364; x_wconf 95' lang='lat' dir='ltr'><strong> </strong></span> 
     </span>
    </p>
   </div>
  </div>
 </body>
</html>
