3562 5364
625 912 854 1027 cArur
903 915 1158 1000 uovuu
1262 919 1265 925 ’

379 1173 623 1256 '1.Vnunuu
649 1197 767 1273 super
791 1201 908 1250 anum
934 1176 1132 1276 poetriam.

381 1352 414 1401 2.
445 1326 496 1400 Et
526 1350 615 1401 ecce
644 1325 855 1399 similitudo
887 1325 1057 1410 mulieris
1086 1326 1221 1419 nudae,
1252 1352 1443 1404 annorum

329 1476 539 1573 sexaginta:
559 1501 662 1574 quaa,
682 1474 790 1574 quasi
803 1475 930 1576 vulpis
947 1475 1077 1552 sitiens
1093 1477 1258 1577 praedam
1271 1504 1341 1585 per
1357 1479 1442 1555 soli-

329 1626 527 1721 tudinem,
565 1627 787 1725 explorabat
811 1625 985 1724 undique
1010 1627 1218 1726 penetralia
1243 1628 1443 1718 fovearum

329 1775 644 1875 quadrupedum3
681 1787 720 1851 et
747 1776 818 1850 sub
845 1757 994 1852 lumine
1023 1774 1119 1850 aeris
1148 1777 1443 1854 tenebrescentis

328 1925 526 2020 veniebat,

377 2083 412 2157 3.
438 2077 693 2176 Distorquens
719 2081 873 2174 oculos,
899 2079 1043 2187 intuitu
1062 2079 1236 2180 procaci,
1262 2080 1441 2157 dentibus

328 2227 479 2324 fractis,
520 2229 695 2304 mammis
729 2229 889 2324 attritis,
923 2229 1070 2306 femore
1099 2230 1201 2304 foedo
1236 2234 1439 2332 proluvie,

325 2390 460 2463 ventre
485 2380 695 2481 praegrandi
706 2437 724 2474 ,μ
746 2379 921 2455 cruribus
946 2379 1084 2478 valgis:

378 2549 412 2617 4.
439 2530 486 2603 In
513 2531 636 2631 capite
665 2529 746 2632 ejus
777 2530 998 2610 calvitium:
1035 2542 1073 2606 et
1099 2525 1305 2608 nesciebat
1321 2533 1440 2611 consi-

326 2691 425 2755 stere
449 2680 637 2781 pedibus·

377 2831 412 2905 5.
438 2830 490 2904 Et
514 2831 682 2907 habebat
705 2860 822 2908 manu
843 2832 997 2925 sinistra
1023 2833 1222 2908 calamum‘.

377 2980 411 3056 6.
434 2982 487 3056 Et
505 2982 706 3059 effodiebat
725 2983 927 3058 morticina
951 2983 1261 3083 quadrupedum:
1287 3004 1442 3082 congre,

327 3132 516 3232 gabatque
541 3132 761 3234 putredines
787 3118 1056 3231 conglutinans
1081 3133 1207 3208 casin
1234 3160 1300 3209 ore
1324 3138 1415 3209 su0.
1473 3213 1476 3227 .

323 3342 327 3349 .
379 3310 412 3382 7.
436 3284 489 3358 Et
505 3286 695 3384 expuebat
712 3283 1038 3381 conglutinatum:
1066 3295 1104 3356 et
1125 3285 1368 3380 coagulatum
1387 3294 1441 3359 est

326 3434 369 3510 in
395 3444 607 3510 atramento
632 3432 835 3534 scriptoris!

377 3585 414 3660 8.
441 3584 531 3658 Post
563 3586 644 3658 haec
679 3583 852 3683 quatiens
883 3584 1088 3659 colubrum
1116 3582 1279 3658 rubrum
1309 3582 1440 3658 imma·

322 3759 438 3827 nem,
468 3733 707 3835 percutiebat
734 3760 851 3811 manu
877 3734 1031 3810 dextera
1053 3749 1159 3810 nates
1188 3761 1273 3808 suas
1300 3726 1440 3830 magno

328 3884 538 3958 cachinno:

321 4080 324 4084 -
377 4061 412 4137 9.
442 4035 494 4108 Et
522 4035 708 4111 continuo
739 4030 844 4111 oculi
872 4035 1044 4113 mulieris
1073 4035 1322 4134 sexagenaria:
1345 4032 1441 4114 insa·

327 4184 487 4288 niebant
510 4185 682 4262 libidine.

382 4363 438 4412 ιο.
462 4338 515 4412 Et
543 4337 821 4416 inhorruerunt
846 4337 918 4439 pili
943 4338 1065 4420 carnis
1090 4363 1194 4416 meae.

1088 4493 1107 4550 3
