3562 5364
457 894 460 901 -
575 853 800 935 cneus
843 853 1182 934 umuuu
1279 809 1285 817 ’

377 1170 409 1224 1.
434 1145 491 1222 Es
516 1173 606 1221 cum
631 1148 692 1226 vir
716 1147 890 1224 militaris
920 1144 1073 1222 dixisset
1100 1147 1180 1220 haec
1209 1146 1281 1223 tria
1313 1151 1431 1225 verba

300 1306 501 1409 tantum,
537 1321 625 1374 ecce
650 1299 772 1399 caligo
797 1299 865 1372 illa
889 1299 1026 1372 domus
1050 1298 1184 1373 mortis
1208 1299 1319 1374 scissa
1344 1307 1443 1376 ante

417 1474 458 1521 os
487 1472 603 1522 meos.
1308 1470 1312 1476 ’

400 1653 409 1672 .
429 1597 481 1672 Et
492 1598 596 1672 unda
613 1596 734 1673 amnis
747 1597 846 1672 'sicut
860 1599 1065 1693 electrum
1084 1610 1122 1674 et
1134 1627 1310 1674 murmur
1321 1625 1434 1698 aqua-
1500 1693 1502 1699 .

321 1772 412 1822 rum
440 1750 549 1823 velut
578 1760 710 1822 cantus
739 1749 973 1849 longinquus
1003 1750 1196 1844 tibicinae3
1235 1761 1273 1826 et
1300 1775 1434 1825 cursus

324 1921 457 1972 carum
479 1897 642 1974 nitentes
669 1901 772 1974 claro
798 1902 869 1975 sub
896 1900 1043 1976 lumine
1067 1904 1186 1975 lunae:

373 2052 408 2125 3.
433 2048 484 2121 Et
503 2049 731 2148 spiramenta
754 2049 849 2125 aeris
870 2050 1002 2127 suavia
1021 2050 1293 2161 refrigenabant
1318 2073 1434 2127 venas

222 2275 226 2283 ,
323 2223 446 2291 meas3
482 2211 520 2274 et
541 2199 683 2275 olentia
706 2197 846 2275 florum
867 2199 909 2275 in
932 2200 1027 2302 gyro
1054 2200 1149 2276 aeris
1174 2199 1436 2276 exhilarabant

324 2316 568 2424 cormeum:
1367 2331 1369 2335 ⁵

374 2516 410 2588 4.
434 2498 485 2571 Et
520 2495 801 2594 magnificentia
832 2464 870 2574 et
896 2499 1019 2596 gloria
1049 2524 1118 2599 per
1147 2504 1284 2576 caerula
1312 2498 1436 2575 firma-

324 2647 467 2741 menti3
493 2647 693 2746 dulcisque
708 2649 866 2742 horror,
893 2660 929 2722 et
947 2674 1055 2724 amor
1070 2651 1299 2744 harmoniae,
1326 2652 1436 2750 quies

327 2810 365 2873 ct
390 2795 641 2895 intelligentia
663 2822 709 2871 ex
735 2797 914 2872 omnibus
934 2800 1201 2899 splendoribus
1226 2800 1361 2875 noctis.

377 2950 410 3024 5.
438 2951 490 3024 Et
516 2949 577 3028 vir
603 2947 776 3025 militaris
803 2946 996 3026 clamavit:
1024 2951 1113 3023 Hoc
1139 2961 1194 3024 est
1217 2951 1437 3025 tabernacu-

325 3103 415 3184 lum,
438 3100 513 3175 Dei
542 3100 647 3192 vivi3
683 3112 721 3176 et
750 3100 925 3175 conscius
958 3125 1067 3176 meus
1099 3101 1141 3178 in
1171 3101 1335 3178 excelsis.
1386 3100 1437 3174 Et

326 3249 493 3349 procidit
518 3250 559 3324 in
583 3275 708 3346 genua
733 3276 801 3324 sua
827 3263 874 3325 ct*
889 3250 1072 3326 adoravit.

378 3398 411 3474 6.
437 3401 488 3474 Et
517 3425 723 3476 conversus
758 3401 807 3473 ad
841 3425 902 3475 me
938 3399 1033 3474 dixit
1065 3400 1188 3474 mihi:
1226 3399 1316 3475 Non
1350 3427 1436 3474 sum

327 3552 520 3651 apostolus
546 3575 617 3625 nec
644 3551 832 3651 propheta
857 3574 930 3624 nec
955 3552 1110 3648 angelus
1124 3606 1134 3642 ,
1169 3549 1236 3625 sed
1262 3549 1435 3624 centurio

329 3696 576 3774 Draconum:

378 3873 413 3946 7.
437 3848 488 3921 Et
503 3848 546 3962 xsi
570 3849 681 3925 suero
710 3844 925 3950 judicatus,
955 3848 1034 3924 scio
1062 3848 1168 3948 quod
1185 3844 1310 3951 justus
1334 3850 1437 3925 inve-

265 4062 267 4066 .
326 3995 431 4072 nior:
464 3999 529 4073 sed
554 3999 649 4072 hora
675 3999 951 4098 remigrationis
977 4026 1070 4075 meae
1095 4000 1219 4074 instat.

377 4147 414 4221 8.
440 4146 601 4242 Etcum
624 4162 922 4225 consummasset
948 4152 1029 4226 haec
1054 4151 1191 4244 verba,
1218 4150 1440 4229 conscendit
1529 4246 1533 4253 ⁵

328 4279 495 4398 equum,
522 4308 560 4373 et
588 4298 695 4375 oculi
716 4324 798 4381 non
823 4301 1003 4380 viderunt
1030 4325 1119 4395 eum
1144 4299 1317 4401 amplius.
