3562 5364
1399 508 1441 580 25

378 700 440 767 ro.
464 688 686 766 Secundum
707 698 835 762 autem
858 682 1115 784 egredientem
1133 688 1180 763 de
1202 687 1339 790 cymba
1359 674 1442 767 vidi

300 801 529 919 'hominem
558 838 845 939 loquaciorem,
882 837 1005 936 capite
1035 849 1136 913 tecto
1168 839 1361 933 caliendro
1393 842 1441 919 de

325 994 431 1092 'pelle
455 991 593 1083 simiae;
628 1002 666 1064 et
684 992 791 1065 larva
814 1013 985 1087 personae
1012 986 1054 1061 in
1074 984 1251 1063 manibus
1278 988 1377 1092 ejus3
1403 1004 1442 1067 et

328 1141 503 1215 alebatur
528 1138 684 1214 cicadis:
711 1104 773 1213 lric
798 1138 968 1240 Phlyrias
991 1136 1125 1212 histrio
1147 1135 1249 1211 filius
1270 1139 1440 1215 Benach.

382 1315 438 1364 11.
463 1289 614 1364 Tertius
639 1288 797 1365 veniens
826 1288 947 1362 oculis
976 1302 1013 1365 et
1040 1288 1189 1364 lacertis
1216 1289 1439 1387 excoriatis,

328 1439 563 1514 manducans
585 1465 672 1539 apes
695 1451 733 1514 et
754 1465 921 1539 expuens
943 1442 1096 1515 aculeos
1117 1439 1159 1514 in
1177 1467 1218 1514 os
1236 1441 1441 1516 hominum

319 1587 586 1681 ¹concinnabat
601 1590 719 1665 verba
736 1589 909 1684 achaica,
931 1602 970 1665 et
985 1589 1028 1664 in
1040 1589 1150 1664 labiis
1168 1586 1248 1691 ejus
1266 1619 1441 1668 murmur

328 1734 504 1839 lojolitae;
531 1751 568 1814 et
589 1739 630 1814 in
651 1740 828 1815 manibus
852 1737 932 1843 ejus
953 1740 1097 1818 radices
1123 1742 1350 1819 verborum:
1376 1743 1439 1817 hic

328 1887 512 1963 Psoriona
533 1887 636 1963 filius
658 1891 869 1966 Phthoniae.

383 2065 437 2114 12.
462 2040 514 2113 Et
534 2039 615 2116 vidi
636 2039 677 2114 in
698 2041 824 2117 fronte
849 2039 962 2145 hujus
986 2043 1144 2145 scriptos
1163 2071 1251 2118 cum
1268 2044 1358 2118 luco
1376 2071 1439 2118 au-

326 2190 547 2291 ripigmenti
564 2218 746 2267 numeros
763 2192 933 2268 arabicos
954 2195 1135 2271 undecim
1159 2194 1438 2296 19876543210.

383 2349 436 2420 13.
462 2345 514 2417 Et
549 2369 638 2417 cum
673 2344 996 2453 adpropinquaret
1026 2348 1075 2420 ad
1104 2347 1292 2444 fulgorem
1323 2345 1440 2443 gladii

326 2493 402 2569 viri
445 2495 647 2588 militaris,
692 2521 781 2596 ecce
815 2496 968 2571 numeri
1001 2497 1134 2571 decem
1171 2496 1317 2596 priores
1336 2495 1440 2578 ‚lacti

328 2643 513 2718 evanidi:
564 2670 747 2719 numerus
789 2656 917 2721 autem
953 2658 1166 2746 postremus
1201 2673 1287 2720 zero
1318 2633 1464 2718 sactus*
1531 2669 1537 2684 ·

326 2793 508 2892 grandior
533 2794 575 2868 in
601 2795 728 2870 medio
756 2795 902 2871 frontis.
1063 2762 1066 2768 Ι

384 2964 436 3034 14.
475 2946 644 3046 Quartus
696 2958 825 3036 aut-em
877 2945 1072 3044 egrediens
1122 2943 1266 3022 intuitu
1316 2947 1437 3042 tristi,

328 3096 561 3171 manducans
591 3096 747 3173 limaces
779 3109 817 3174 et
847 3123 1015 3198 expuens
1046 3099 1202 3174 salivam
1234 3099 1437 3171 clamabat:

329 3247 510 3346 Colligite
550 3262 749 3346 argentum
787 3275 945 3324 meum:
983 3250 1036 3324 Et
1075 3249 1279 3324 commixta
1314 3247 1439 3323 salivae

328 3399 483 3473 exibant
509 3425 654 3472 cornua
679 3399 844 3473 limacis:
870 3399 934 3473 hic
962 3400 1090 3475 Ghoes
1116 3399 1217 3472 filius
1239 3398 1379 3471 Horos.

383 3550 446 3622 15:
471 3550 523 3622 Et
564 3552 693 3649 posuit
733 3576 849 3652 super
890 3576 1065 3650 aggerem
1107 3575 1239 3626 vasum
1278 3552 1438 3648 plenum

276 3751 278 3754 -
325 3699 478 3800 papyris
504 3703 736 3776 carminum:
764 3715 802 3777 et
831 3728 920 3776 cum
945 3702 1098 3802 spiritus
1124 3701 1229 3778 venti
1254 3700 1438 3801 rapuisset

326 3851 496 3926 carmina
522 3866 560 3928 et
581 3853 781 3929 obtulisset
805 3853 871 3927 illa
893 3853 1022 3927 omnia
1043 3866 1130 3927 ante
1154 3855 1287 3926 oculos
1312 3875 1436 3925 meos:

381 4001 435 4076 16.
462 4004 545 4102 Ego
580 4004 769 4105 Didymus
804 4006 933 4102 legens
967 4003 1073 4080 vidi:
1115 4027 1192 4077 ruo
1228 4026 1354 4096 anon,
1390 4026 1436 4075 ru

326 4178 485 4228 uncam:
522 4177 600 4229 ruo
638 4179 769 4253 naen,
808 4180 854 4230 ru
891 4179 1051 4228 uncam:
1087 4178 1165 4228 ruo
1199 4177 1355 4249 onnon,
1390 4175 1436 4226 tn

328 4328 504 4380 GREGEM.
