3562 5364
282 540 313 574 {V
409 557 412 564 ·

279 689 382 754 nobis
404 690 497 772 apud
518 682 687 747 feliciores
709 681 858 765 populos
880 679 1115 763 intercedunt3
1139 690 1221 766 tunc
1241 686 1394 747 nonnul-

279 823 332 883 los
354 839 492 882 cernere
515 815 658 900 potuisti
683 835 801 876 earum
825 814 1014 874 sacerdotes
1040 812 1154 893 palam
1180 813 1218 876 in
1244 826 1395 878 assenta-

281 950 433 1030 tionem,
463 949 551 1010 clam
579 943 703 1027 saepius
731 942 769 1004 in
794 945 952 1004 obsooena
973 941 1148 1022 convicia,
1177 953 1330 1026 prostare
1351 948 1396 1008 ad

281 1079 449 1160 cujusque
473 1097 644 1139 novorum
666 1071 923 1137 dominantium
947 1069 1150 1152 utilitatem,
1177 1073 1234 1134 vel
1258 1076 1302 1136 ad
1324 1095 1397 1139 ser-

255 1274 257 1278 ,
281 1230 405 1297 vorum
429 1207 651 1291 impotentem
676 1202 887 1267 dicacitatem
908 1201 1088 1264 verniliter
1107 1205 1318 1286 provolutos.
1353 1211 1397 1270 At

283 1337 437 1401 adulatio
462 1336 684 1421 paucioribus
707 1342 820 1416 grata,
849 1333 958 1412 edque
980 1332 1096 1394 minus
1118 1332 1293 1398 fructuosa
1313 1337 1399 1399 scri-

284 1469 470 1531 bentibus:
495 1465 667 1529 Mercurio
693 1461 900 1547 benigniore
921 1461 1179 1543 reciprocantur
1202 1465 1337 1528 lucrum
1359 1487 1399 1530 ac

284 1603 430 1683 probra,
450 1609 483 1661 et
504 1617 579 1678 quae
602 1594 710 1679 magis

563 1811 687 1864 Densum
705 1807 824 1860 humeris
842 1805 914 1859 bibit
933 1824 998 1860 aure
1017 1804 1124 1876 vulgus.

841 1900 871 1943 a

368 2001 417 2062 Ar
440 1997 534 2079 quod
557 1999 720 2078 verebar,
750 1995 788 2057 id
811 1940 935 2058 eiinit.
979 1995 1130 2079 Quidam
1155 1995 1249 2058 enim
1275 1997 1317 2058 de
1342 2017 1403 2059 na·

290 2130 385 2195 tione
408 2130 469 2191 illa
494 2126 813 2211 grammaticorum
837 2145 912 2206 qnae
936 2135 985 2187 est
1012 2124 1163 2188 obnoxia
1176 2125 1402 2189 librariorum

289 2259 483 2342 stipendiis,
499 2278 575 2320 cum
590 2256 733 2337 carptim
749 2259 782 2316 H
782 2254 1059 2338 ypercalypseos,
1079 2254 1276 2337 nescioquo
1292 2267 1403 2339 pactu,

292 2389 427 2469 aliquot
448 2387 560 2469 capita
581 2385 812 2468 compilasset3
834 2384 1061 2467 paraphrasin
1075 2387 1310 2468 vernaculam,
1325 2408 1404 2471 pro·

291 2518 372 2581 lixis
396 2515 684 2599 explicationibus
708 2516 904 2596 oneratam,
932 2516 1116 2598 vulgavit:
1144 2525 1236 2578 tanta
1262 2517 1405 2600 insuper

228 2643 231 2647 ’
291 2648 447 2711 virorum
469 2645 611 2709 nomina
630 2644 772 2728 ingenio
795 2619 1020 2724 doctrinaque
1041 2645 1277 2727 prestantium
1298 2647 1406 2710 insec-

272 2821 273 2825 =
293 2786 382 2840 tatus
400 2786 464 2857 est,
487 2786 524 2838 ut
545 2777 739 2861 legentibus
758 2772 934 2838 difficilius
952 2775 997 2838 sit
1013 2777 1188 2839 stomacho
1208 2786 1408 2861 temperare.

293 2909 344 2969 Tu
367 2916 499 2988 autem,
518 2908 609 2986 Juli,
631 2906 692 2986 qui
714 2907 908 2968 comitatem
921 2906 1123 2968 Senensium
1143 2917 1176 2968 et
1195 2919 1407 2992 perspectam

294 3059 408 3120 nuper
428 3036 598 3118 habuisti,
619 3046 652 3098 et
674 3039 801 3119 gaudes
823 3035 1037 3117 meminisse,
1059 3037 1196 3121 gravius
1223 3038 1330 3121 seras,
1351 3040 1408 3101 in-

297 3177 477 3251 terpretem
498 3165 600 3247 atq'ue
622 3170 878 3252 typographum
904 3169 1088 3231 occultasse
1108 3188 1170 3231 sua
1193 3170 1353 3251 nomina,
1375 3182 1408 3232 et

297 3300 535 3360 tantummodo
546 3297 749 3359 Senensium
767 3297 894 3360 civium
913 3318 1095 3380 personam
1110 3318 1180 3378 prae
1194 3319 1230 3362 se
1245 3299 1408 3381 ferentes,

298 3427 469 3490 civitatem
491 3425 647 3510 politiori
670 3428 883 3490 humanitate
905 3427 1145 3511 religioneque
1165 3426 1408 3511 hospitalitatis

298 3579 381 3621 sane
400 3558 707 3640 spectatissimam,
738 3577 808 3620 esse
830 3558 1080 3621 calumniatos:
1105 3567 1222 3639 utpote
1245 3560 1409 3623 Senenses

246 3750 248 3754 .
298 3693 392 3773 apud
412 3709 483 3751 sese
503 3700 704 3771 paterentur
724 3691 861 3751 eosdem
880 3689 975 3753 viros
994 3688 1166 3752 lacessitos
1187 3687 1245 3769 iri,
1264 3710 1361 3770 quos,
1378 3691 1410 3753 si
1435 3748 1439 3761 ,

298 3819 455 3898 adirent,
476 3820 713 3882 honestissime
725 3820 1019 3901 amplecterentur.
1060 3822 1279 3903 Quamquam
1296 3821 1333 3882 in
1348 3820 1411 3881 illa
1429 3881 1431 3887 ,

299 3948 500 4031 paraphrasi
524 3968 636 4028 neque
659 3950 842 4033 paginam,
862 3969 976 4030 neque
999 3949 1140 4012 sortasse
1163 3950 1291 4012 lineam
1316 3969 1411 4030 repe-

298 4078 385 4155 ries,
403 4077 489 4158 quin
511 4079 693 4140 Insubrem
722 4074 880 4150 iirurrcno'r
908 4080 1082 4159 redoleat3
1103 4081 1278 4142 interdum
1307 4078 1412 4141 etiam

301 4207 597 4271 Florentinitatem
613 4184 790 4290 qnaesitam
810 4232 818 4270 :
840 4212 936 4289 quod
959 4230 1042 4272 sane
1065 4209 1236 4273 indicium
1254 4206 1411 4270 Insubris

301 4336 516 4424 grammatici
539 4347 598 4401 est.
638 4340 681 4402 Id
703 4359 777 4402 non
805 4338 888 4421 tibi,
919 4361 1022 4422 quem
1046 4340 1085 4403 in
1105 4342 1195 4406 hanc
1217 4339 1314 4405 litem
1338 4339 1412 4402 adi·
