3562 5364
576 923 800 1002 cArur
842 923 1180 1025 oucluuu

384 1202 413 1252 r.
440 1175 559 1250 Mons
588 1171 844 1248 Hieromomi.

380 1352 413 1400 2.
438 1327 491 1398 Et
504 1349 593 1400 ecce
607 1326 808 1400 eunuchus
821 1323 1443 1422 quidam,ludimagister‚nomine

328 1476 548 1578 Philippus:
577 1478 697 1551 homo
727 1475 878 1577 spurius
903 1477 952 1552 de
978 1489 1078 1552 terra
1104 1477 1444 1576 transmigrationis

330 1628 652 1703 Haramheorum.
781 1625 786 1634 '

378 1783 414 1855 3.
445 1778 630 1855 Gradiens
656 1777 805 1854 incessu
831 1778 994 1855 anseris:
1031 1789 1069 1853 et
1098 1777 1314 1880 conspicilli
1340 1777 1448 1878 equi-

330 1930 463 2004 tabant
486 1956 622 2003 nasum
648 1924 747 2030 ejus:
775 1941 855 2005 erat
880 1928 983 2004 enim
1007 1956 1121 2008 varus
1147 1942 1187 2006 et
1209 1929 1348 2031 lippus.

381 2099 416 2170 4.
445 2080 696 2177 Tenebatque
730 2077 902 2178 ligonem
934 2079 1186 2180 vespillonisz
1229 2094 1268 2156 et
1305 2079 1448 2155 semitae

332 2228 413 2332 ejus
439 2243 547 2305 erant
571 2229 756 2306 involuta)
781 2229 1029 2330 ambiguitate
1056 2242 1095 2305 et
1117 2230 1299 2328 caligine:
1329 2257 1449 2332 quem

332 2407 424 2456 cum
441 2380 696 2481 conspexisset
712 2380 826 2455 lamia
846 2381 1026 2457 clamavit
1044 2406 1200 2457 currens
1219 2382 1374 2459 obviam
1393 2381 1449 2457 ei:

385 2532 419 2607 5.
446 2532 548 2608 Ecce
575 2533 776 2630 coagulari
801 2533 1013 2610 secundum
1040 2545 1274 2635 praeceptum
1302 2532 1451 2608 l‘sorio·

332 2710 392 2760 nae
419 2697 673 2761 atramentum
700 2686 846 2758 calamo
873 2711 944 2759 suo
970 2697 1009 2761 et
1036 2686 1198 2761 fratrum
1228 2711 1399 2760 suorum.

386 2833 419 2909 6.
448 2835 559 2936 Opus
583 2835 744 2936 perfeci:
770 2834 864 2911 veni
880 2847 927 2912 et
951 2835 1190 2914 inebriemur
1210 2837 1450 2939 amplexibus

335 2985 459 3061 donec
486 2987 684 3062 illucescat
709 2985 800 3063 dies.

387 3164 421 3235 7.
446 3138 661 3212 Eunuchus
691 3137 924 3239 respondens
949 3137 1026 3214 ait:
1060 3137 1176 3215 Anna
1204 3165 1319 3215 soror·
1344 3137 1452 3213 Cala·

334 3287 509 3381 mobba,
545 3289 820 3365 Hieromomus
855 3290 1022 3365 cinaedus
1060 3302 1149 3365 tuus
1186 3303 1363 3365 mortuus
1396 3301 1452 3365 est

336 3438 613 3515 nudiustertius
638 3441 680 3515 in
705 3441 872 3517 vinculis
899 3430 1209 3543 etiblasphemia.

386 3589 422 3664 a.
449 3589 619 3692 ruyrus
651 3606 689 3668 et
720 3594 873 3686 moes,
907 3603 946 3667 et
970 3591 1154 3666 rsoriona
1182 3590 1285 3665 finus
1311 3547 1452 3665 rma·

334 3737 430 3832 niae,
458 3753 497 3815 et
515 3741 676 3844 Agyrtes
698 3744 801 3820 filius
822 3744 997 3838 Bethon,
1024 3741 1167 3816 moechi
1189 3740 1266 3834 tui,
1293 3739 1453 3815 venient

335 3889 384 3963 ad
408 3893 671 3992 sepeliendum
694 3921 785 3971 eum
809 3896 852 3972 in
878 3891 1169 3992 Ptomotaphio:
1203 3891 1322 3966 iidem
1348 3889 1453 3965 enim

338 4043 646 4119 exhumaverunt
663 4071 802 4148 corpus
820 4043 900 4149 ejus
918 4047 966 4122 de
988 4049 1076 4119 loco
1098 4056 1230 4122 sancto
1251 4041 1322 4117 ubi
1339 4041 1453 4141 Syna·

334 4216 432 4287 goga
458 4194 675 4270 Doctorum
700 4198 955 4298 sepeliverant
980 4222 1081 4272 eum.

387 4367 422 4442 9.
449 4343 501 4418 Et
523 4370 611 4423 ecce
632 4348 698 4424 hic
723 4374 794 4450 ego
815 4350 940 4425 fossor
960 4352 1165 4452 sepulturae
1189 4371 1354 4425 rursum.
