3562 5364
324 543 345 592 ss
364 580 369 600 .

375 712 409 787 3.
438 703 639 783 Gaudebat
662 725 818 802 quoque
843 699 1042 778 funeribus
1069 712 1108 779 et
1133 700 1320 804 exsequiis
1344 702 1443 780 villi·

325 886 460 934 corum
482 888 491 931 ε
517 858 569 931 Et
599 879 689 927 cum
723 852 887 954 orphani
921 865 960 929 et
987 852 1112 930 viduae
1142 880 1223 929 non
1257 855 1444 932 haberent

324 1035 477 1086 cereum
500 1019 659 1108 propter
676 1007 911 1106 sepulturam
932 1004 1326 1103 consanguineorum,
1353 1005 1446 1082 Hie·

311 1185 522 1237 romomus
542 1157 760 1231 minabatur
779 1155 833 1231 eis
850 1156 1013 1232 verbum
1031 1154 1194 1230 Domini
1212 1185 1221 1228 :

373 1328 408 1400 4.
435 1308 499 1387 Vae
518 1306 658 1387 villici!
677 1307 874 1408 quomodo
892 1307 1068 1385 receditis
1085 1309 1133 1383 ab
1152 1307 1326 1382 oratione
1342 1333 1446 1382 sanc·

323 1457 478 1538 torum?
512 1461 626 1536 Ferte
650 1459 808 1554 vinum,
843 1470 881 1534 et
906 1457 1095 1551 triticum,
1127 1471 1165 1534 et
1188 1459 1327 1536 obolos
1351 1461 1446 1534 elee-

324 1638 493 1714 mosynae
522 1636 574 1687 ne
600 1611 774 1686 sacerdos
805 1609 1090 1685 contaminetur
1119 1609 1161 1683 in
1189 1612 1326 1684 luctu:
1361 1609 1447 1684 Nisi

245 1755 249 1762 ⁵
323 1764 500 1838 sacerdos
535 1773 573 1837 et
606 1759 769 1834 clericus
802 1758 946 1860 precati
978 1758 1123 1834 suerint
1154 1785 1226 1858 pro
1255 1759 1446 1835 defunctis

324 1913 478 2005 vestris,
507 1911 684 1985 diabolus
712 1911 914 1988 devorabit
939 1936 1003 1986 eos
1028 1909 1070 1984 in
1094 1910 1270 2007 gehenna
1294 1880 1403 2008 ignis.

378 2066 411 2140 5.
436 2065 488 2138 Et
509 2089 580 2162 ego
598 2063 789 2164 Didymus
814 2061 1034 2137 recordatus
1058 2087 1144 2133 sum
1169 2061 1332 2136 verbum
1350 2059 1445 2137 Dei:

325 2217 395 2296 Vae
423 2216 555 2309 vobis,
581 2214 712 2289 scribae
735 2226 774 2288 et
799 2210 972 2313 pharisaei
997 2210 1237 2312 hypocrita:
1267 2211 1358 2310 quia
1385 2238 1446 2286 co·

327 2365 480 2441 meditis
501 2365 636 2437 domos
658 2363 863 2438 viduarum
886 2359 1077 2473 orationes
1097 2362 1229 2458 longas
1251 2375 1412 2438 orantes.

379 2514 413 2590 6.
440 2515 645 2616 Propterea
661 2511 798 2587 recessi
816 2538 838 2586 a
854 2511 919 2587 via
936 2511 1206 2588 Hieromomi:
1229 2526 1267 2590 et
1283 2525 1446 2590 tantum·
1519 2610 1529 2620 ι

328 2667 447 2744 modo
473 2666 686 2741 scribebam
711 2663 831 2739 diaria
852 2690 943 2738 cum
967 2688 1026 2739 eo·

556 3021 778 3098 CAPUT
823 3020 1212 3099 SECUNDUM

386 3289 416 3340 1.
441 3262 498 3337 Er
523 3264 667 3339 factum
694 3276 750 3340 est
779 3275 824 3337 ut
852 3261 894 3339 in
924 3263 1212 3362 undevigesimo
1243 3293 1369 3360 ann0,
1403 3265 1447 3345 in

215 3421 220 3429 '
331 3427 437 3491 sexto
473 3440 625 3509 mense,
660 3415 702 3490 in
736 3414 846 3489 tertia
875 3415 1014 3491 mensis
1039 3443 1061 3490 a
1085 3415 1311 3516 baptismate
1336 3441 1446 3509 meo,

332 3568 374 3643 in
392 3568 454 3642 die
473 3565 694 3660 dominicae,
720 3566 816 3640 hora
835 3565 958 3667 prima
983 3579 1070 3643 ante
1087 3592 1280 3668 vesperas,
1301 3579 1447 3642 contre·

333 3729 456 3794 meret
479 3718 612 3814 arbor,
644 3731 682 3794 et
706 3715 789 3795 vidi
813 3715 1025 3792 visionem:

384 3895 418 3944 a.
453 3871 502 3944 ln
549 3880 688 3944 terram
739 3868 1076 3968 transmigrationis
1114 3869 1445 3961 Haramheorum,

332 4045 441 4096 secus
471 4019 617 4096 flumen
646 4019 810 4096 civitatis
838 4007 992 4113 Firzah‚
1024 4019 1065 4094 in
1096 4046 1185 4117 agro
1212 4020 1279 4119 qui
1306 4019 1447 4094 dicitur

332 4171 651 4272 Ptomotaphionr
677 4173 783 4272 quod
799 4171 874 4249 viri
895 4169 1107 4247 Haramhei
1127 4171 1445 4273 interpretantur,

330 4327 589 4426 sepulcreturn
612 4322 917 4424 quadrupedum.
