3562 5364
324 523 367 606 46

375 725 434 796 44.
463 703 567 809 Quia
597 704 758 780 effusum
787 714 918 778 estas
946 715 1083 799 tuum,
1118 716 1158 801 et
1185 706 1352 785 revelata
1377 721 1433 786 est

324 856 536 955 ignominia
564 869 654 951 tua,
690 868 729 932 et
754 853 1058 931 abominationes
1083 869 1156 932 tuae
1180 859 1222 936 in
1249 860 1436 960 sanguine

325 1007 496 1084 filioru'm
521 1018 696 1081 tuorum:

375 1162 435 1246 43.
457 1157 558 1232 Ecce
579 1181 649 1254 ego
671 1157 908 1257 congregabo
930 1181 1063 1233 omnes
1085 1171 1270 1237 amatores
1291 1160 1436 1261 quibus

322 1306 524 1381 commista
545 1332 605 1399 es;
630 1319 669 1382 et
690 1332 821 1383 omnes
843 1332 956 1408 super
977 1320 1015 1383 te
1035 1307 1208 1408 undique
1230 1335 1327 1410 quos
1343 1309 1444 1387 dile--

213 1433 216 1438 ⁴
325 1459 432 1553 xisti,
460 1484 549 1532 cum
574 1457 761 1535 universis
786 1484 882 1559 quos
909 1459 1061 1534 oderas:
1180 1424 1183 1431 ι
1360 1356 1524 1735 a

293 1700 298 1707 ¹
376 1627 436 1699 44.
464 1608 545 1709 Qui
574 1609 802 1684 revelabunt
830 1607 904 1682 sibi
932 1607 1100 1685 invicem
1130 1607 1311 1709 pudenda
1345 1618 1361 1682 t

132 1839 134 1844 ,
193 1841 195 1845 ,
327 1770 366 1835 et
392 1758 542 1834 adulter
571 1758 693 1834 tradet
721 1770 759 1833 te
788 1758 987 1852 adultero,
1022 1756 1113 1857 quia
1145 1756 1219 1831 sibi
1246 1756 1438 1858 pignerati

326 1922 434 1985 erant
458 1921 495 1983 te
520 1931 634 1982 carne
658 1933 736 1982 sua.

376 2059 435 2147 45.
467 2059 519 2133 Et
546 2055 777 2161 judicabunt
814 2069 851 2133 te
882 2053 1038 2159 judiciis
1067 2055 1355 2148 adulterarum.;
1397 2069 1438 2133 et

327 2210 523 2286 destruent
553 2210 726 2309 lupanar
749 2220 859 2281 tuum
891 2231 1022 2282 recens
1039 2255 1058 2300 ,-
1099 2217 1137 2280 et
1175 2207 1223 2281 de
1261 2206 1438 2282 maceriis

326 2356 611 2434 reaedificabunt
643 2359 715 2434 tibi
748 2357 1006 2458 prostibulum
1039 2367 1178 2449 vetus,
1224 2369 1264 2432 et
1295 2358 1438 2458 lapida-

326 2508 426 2584 bunt
453 2520 491 2583 te
515 2508 726 2608 lapidibus,
753 2522 791 2585 et
811 2534 856 2584 ex
876 2505 1143 2610 mammisvtuis
1159 2504 1303 2581 sacient
1318 2510 1438 2581 emul-
1487 2595 1490 2600 ¹

326 2658 474 2734 sionem
496 2659 604 2732 lactis
625 2669 664 2734 'et
684 2658 894 2756 sanguinis:
919 2680 1046 2758 neque
1069 2656 1216 2732 desines
1233 2655 1437 2750 fornicari,

326 2810 393 2884 sed
417 2809 612 2884 mercedes
637 2811 738 2882 ultra
762 2835 843 2884 non
869 2807 986 2882 dabis.

377 2957 437 3045 46.
462 2958 556 3033 Haec
582 2969 640 3031 ter
666 2984 688 3029 a
714 2955 775 3051 te,
808 2957 1001 3059 Didyme,
1035 2957 1191 3032 recitata
1220 2955 1296 3031 sint
1321 2980 1441 3057 super

327 3119 466 3185 terram
490 3119 643 3207 patrum
668 3119 907 3200 nostrorum,
933 3119 978 3180 ut
1002 3106 1253 3182 misereantur
1275 3106 1334 3179 sui
1356 3131 1437 3178 om·

326 3282 422 3334 nes:
460 3284 550 3332 nam
587 3256 686 3330 sicut
720 3269 927 3330 autumnus
961 3268 999 3332 et
1033 3256 1156 3331 hiems
1189 3256 1230 3331 in
1264 3255 1437 3354 singulos

228 3391 229 3394 Ἴ
327 3437 470 3505 annos,
505 3409 559 3483 sic
587 3407 709 3505 gloria
739 3418 778 3481 et
805 3405 996 3480 calamitas
1024 3405 1179 3482 visitant
1205 3405 1315 3480 certis
1343 3405 1438 3480 tem'·

325 3559 533 3661 pestatibus
557 3562 783 3634 saeculorum
808 3558 976 3655 singulos
1001 3558 1166 3656 populos
1191 3567 1307 3630 terrae.

376 3731 436 3808 47.
456 3711 507 3784 Et
529 3729 618 3784 cum
639 3711 841 3785 descensus
856 3707 974 3782 fueris
994 3706 1042 3780 de
1058 3701 1153 3807 jugo
1170 3704 1279 3805 Alpis
1300 3702 1438 3778 mediae

326 3861 485 3960 obsigna
503 3888 544 3936 os
562 3875 693 3955 tuum,
709 3873 834 3960 ,atque
851 3859 997 3934 'abstine
1015 3882 1036 3930 a
1055 3856 1271 3932 civitatibus
1287 3880 1436 3953 gressus

327 4024 436 4104 tuos3
471 4024 509 4086 et
537 4034 686 4088 versare
701 4009 816 4084 *inter
845 4007 1134 4084 multitudinem
1161 4006 1435 4105 agricolarum:

318 4169 365 4236 'et
387 4161 419 4236 si
443 4161 704 4268 ploraverint,
737 4162 846 4261 plora
871 4184 960 4235 cum
981 4158 1254 4256 multitudine,
1290 4171 1329 4236 et
1353 4157 1437 4234 dic:

376 4312 437 4401 48.
462 4313 562 4386 Fmr
587 4335 791 4387 vonunras
818 4333 902 4385 nm.
