3562 5364
491 551 513 634 4

547 760 601 811 11.
627 734 679 809 nt
705 731 807 808 nn:
841 729 973 831 Apage
1003 702 1140 805 satam
1175 739 1214 805 et
1237 728 1353 831 peaes
1377 730 1456 806 mei
1482 754 1606 808 curre-

491 887 585 963 bant
608 887 746 985 procul
772 883 819 957 ab
847 881 1003 976 arbore,
1030 880 1235 957 currebant
1252 849 1386 957 'veluti
1410 907 1526 982 super
1550 907 1614 959 re·.

440 1108 445 1115 ,
493 1063 561 1115 nes
591 1062 791 1135 equorum.

546 1214 601 1262 12.
626 1187 738 1260 Tunc
761 1184 906 1259 sonitus
928 1184 1080 1261 terroris
1106 1205 1313 1259 conversus
1336 1183 1537 1281 paullatim
1564 1185 1608 1261 in

493 1363 631 1414 vocem
656 1337 843 1430 hominis,
870 1336 1069 1412 clamavit:
1095 1335 1168 1410 Sta:
1218 1333 1304 1433 Ego
1330 1347 1459 1409 autern
1485 1337 1608 1413 cecidi

493 1491 536 1566 in
565 1490 702 1565 faciem
731 1515 857 1601 meam
886 1501 925 1564 et
953 1486 1086 1563 audivi
1115 1511 1253 1562 vocem
1283 1487 1502 1562 clamantis:
1542 1487 1607 1563 Sta

457 1740 462 1750 ,
493 1666 609 1741 super
637 1640 751 1740 pedes
783 1651 869 1712 tuos
899 1651 938 1713 et
965 1641 1104 1737 loquar
1135 1650 1273 1713 tecum.
1308 1637 1416 1747 'Ego
1449 1637 1607 1713 interim

494 1817 584 1866 cum
609 1787 851 1864 surrexissem
874 1771 1079 1862 cnrreham
1104 1790 1241 1888 procul
1268 1814 1290 1861 a
1314 1812 1423 1864 voce,

549 1941 776 2018 13.1teru1n
805 1965 883 2016 vox
912 1940 1108 2038 appellans
1138 1962 1201 2013 me
1230 1938 1389 2016 nomine
1419 1964 1533 2035 meo,
1569 1953 1609 2017 et

494 2091 653 2170 nomine
674 2089 789 2191 patris
800 2089 906 2182 mei,
934 2102 972 2165 et
987 2089 1146 2166 nomine
1160 2089 1264 2178 atavi
1281 2090 1379 2187 mei,
1405 2096 1608 2192 proseque-

495 2245 609 2319 batur
633 2268 719 2318 me:
753 2240 814 2319 vir
838 2240 1012 2315 militaris
1041 2241 1219 2316 currebat
1244 2244 1437 2317 calceatus
1461 2242 1609 2338 ocreis,

496 2408 535 2470 et
564 2395 773 2491 calcaribus
803 2392 957 2468 ferreis:
994 2382 1044 2468 et'
1062 2419 1177 2467 sonus
1207 2391 1370 2466 acinacis
1399 2391 1441 2468 in
1469 2392 1609 2490 vagina

494 2545 616 2622 ferrea
644 2543 829 2619 currentis
854 2567 968 2642 super
989 2541 1112 2617 silices
1137 2542 1313 2643 implevit
1337 2541 1478 2640 frigore
1502 2569 1608 2617 suras
1717 2570 1723 2592 r

495 2721 598 2772 meas
631 2695 726 2768 dum
760 2693 979 2790 ingrederer
1009 2716 1174 2792 praesepe
1209 2692 1377 2766 bubulci·
1405 2694 1608 2771 contuber-

496 2847 593 2921 nalis
619 2847 695 2920 mei
720 2845 769 2918 ad
793 2843 1019 2940 fugiendum
1047 2856 1230 2917 terrorem
1255 2841 1407 2918 inferni.

551 3014 606 3084 14.
631 2996 684 3069 Et
704 3020 793 3070 ecce
815 3007 902 3068 ante
924 2997 1058 3067 oculos
1079 3019 1185 3069 meos
1202 2993 1335 3068 sedens
1352 3019 1468 3094 super
1489 2996 1609 3071 mani·
1649 2978 1655 2989 ⁴

410 3136 413 3141 ‘
495 3150 634 3246 pulum
658 3145 753 3218 foeni
774 3171 864 3218 cum
890 3146 1040 3218 calatho
1065 3145 1107 3220 in
1129 3144 1306 3220 manibus
1331 3145 1484 3221 anicula
1510 3173 1609 3249 quae·

499 3297 586 3370 dam
613 3322 696 3395 quae
721 3296 930 3372 vocabatur
956 3294 1172 3392 Margarita.

550 3448 606 3521 15.
631 3446 705 3524 Vir
725 3458 852 3520 autem
874 3445 1048 3520 militaris
1069 3459 1169 3521 stans
1189 3445 1238 3518 ad
1255 3442 1412 3548 januam
1432 3448 1607 3548 praesepis

495 3599 695 3698 clangebat
720 3623 842 3675 cornu
869 3600 1048 3696 clangore
1078 3609 1291 3674 turmarum
1316 3596 1359 3676 in
1381 3597 1444 3675 die
1468 3597 1607 3699 proclii.
