3562 5364
327 507 367 576 56

366 667 413 770 8.
441 693 706 805 Clamavitque
734 694 952 770 eunuchusz
967 691 1134 800 Esurio:
1163 689 1311 769 Fratres
1336 664 1454 798 viri(

329 845 580 945 adimpleatur
595 845 757 920 verbum
775 844 890 942 asini,
909 857 1112 946 antequam
1130 845 1307 920 animalia
1324 846 1411 925 coeli
1421 901 1434 941 ,

329 993 470 1087 amnis,
497 1006 535 1104 et
552 1007 657 1070 terrae
675 996 860 1072 devorent
882 1021 1030 1081 coenam
1055 1008 1244 1096 nostram,
1272 1008 1317 1075 et.
1330 1020 1434 1071 mors

328 1142 486 1218 visibilis
505 1147 680 1245 epuletur
699 1172 770 1220 nos
787 1170 919 1222 omnes
936 1144 978 1220 in
995 1143 1276 1245 Ptomotaphio.
1352 1204 1355 1211 .

377 1318 418 1392 9.·
436 1291 630 1397 Timentes
667 1296 785 1393 igitur
816 1293 889 1370 filii
920 1295 1087 1370 hominis
1121 1293 1243 1370 minas
1279 1292 1434 1393 spiritus

327 1441 441 1537 asini,
468 1446 720 1521 comedebant
744 1471 874 1522 carnes
897 1445 1021 1520 fratris
1046 1443 1296 1543 putrefactas·
1369 1502 1391 1513 ..
1481 1496 1484 1503 .

382 1618 438 1668 10.
454 1593 535 1682 ,Vir
568 1595 740 1701 militaris
774 1594 970 1670 exhorruit
1005 1596 1135 1697 epulas
1164 1594 1360 1668 sceleratas
1395 1580 1457 1667 et*

328 1737 440 1814 dixitz
463 1718 641 1818 Attende.
659 1780 674 1818 ..·
693 1743 949 1844 Cucurritque
975 1741 1220 1840 cumgladio
1246 1754 1286 1818 et
1309 1766 1433 1817 cornu

326 1888 369 1967 in
393 1888 533 1967 medio.
548 1891 734 1968 convivii:
780 1958 786 1981 ,,
830 1962 833 1967 .

382 2065 449 2117 11..·
461 2041 511 2115 Et
535 2043 593 2141 ad⁸
606 2042 795 2139 fulgorem
820 2042 1065 2140 gladii‚.·vidi
1088 2042 1331 2120 Hieromomi
1356 2069 1434 2118 car·

326 2213 394 2266 nes
424 2190 562 2265 statim
584 2205 847 2292 consumptas:
871 2201 924 2268 'et
954 2192 1093 2269 belluae
1125 2193 1324 2293 rapiebant
1358 2191 1434 2266 sibi

327 2365 410 2414 ossa
436 2340 549 2416 arida.

381 2515 435 2565 ia.
460 2489 553 2570 Vidi
583 2516 647 2566 sex
671 2492 847 2603 homines
873 2505 911 2568 et
934 2492 1134 2592 poetriam,
1145 2505 1183 2567 et
1208 2493 1433 2569 eunuchum

326 2637 519 2714 madentes
543 2667 564 2714 a
585 2642 728 2718 vertice
753 2641 886 2742 capitis
909 2667 1032 2751 usque
1049 2643 1102 2749 ad
1121 2642 1434 2742 plantasspedum
1488 2724 1491 2729 ¹

327 2768 510 2887 sanguine
529 2790 729 2901 bullienti,
755 2804 794 2867 et
812 2791 1022 2868 lambentes
1047 2764 1271 2889 sanguinem
1290 2788 1433 2887 linguis

327 2940 540 3039 adpotum:
648 3006 651 3013 .

383 3093 437 3165 13.
465 3087 642 3188 Cumque
670 3089 740 3181 vir,
759 3089 936 3170 :militaris
965 3091 1133 3168 vibraret
1152 3088 1353 3199 *acinacem
1383 3088 1433 3162 ad

323 3233 555 3337 jugulandos
587 3263 680 3332 eos,
713 3239 868 3313 retraxit
902 3241 1097 3337 gladium,
1129 3251 1171 3316 et
1198 3238 1381 3313 abstinuit
1409 3264 1433 3313 a

328 3387 446 3481 caede,
474 3388 639 3462 clamans
664 3412 760 3463 voce
787 3400 945 3486 magna:
978 3430 982 3437 ·

342 3608 345 3613 .
382 3553 436 3623 14.
463 3534 554 3610 Non
586 3560 656 3631 ego
682 3538 786 3613 ultor
810 3536 1058 3642 iniquitatum
1084 3568 1181 3640 quas.
1202 3540 1433 3643 iniquiper·
1479 3626 1482 3631 ¹

327 3681 464 3759 ficiunt
488 3709 602 3786 super
625 3684 797 3785 iniquos3
833 3699 871 3762 et
895 3688 994 3763 calix
1017 3689 1081 3765 irae
1103 3691 1433 3792 nondum‘super·

326 3834 485 3909 fluensa·

381 3983 435 4057 15.
460 3983 592 4062 Vivite
620 4010 726 4060 nuno
750 4013 884 4064 omnes
910 4016 932 4064 a
957 3989 1097 4089 quibus
1119 4014 1197 4087 ego
1223 3987 1431 4089 aliquando

326 4132 543 4207 immolatus
567 4132 697 4239 fuero:
723 4148 766 4241 tu
790 4152 939 4234 autem,
953 4153 1084 4238 terra,
1108 4165 1160 4217 ne
1182 4139 1330 4242 operias
1350 4166 1432 4218 san·

324 4282 481 4382 guinem
504 4306 635 4357 meum
660 4296 747 4360 ante
772 4287 972 4367 ultionem.
