3562 5364
325 282 345 345 6
648 291 776 335 curv1s
803 267 1152 334 uranscsnrrsnos.

324 437 470 520 Evangeli
499 438 579 519 apud
600 436 779 497 Matthaeum
804 456 832 496 v.
855 440 904 497 37.
926 454 994 512 quae
1014 433 1124 495 annnlo
1143 452 1197 493 suo
1216 432 1363 511 inscripsit
1386 432 1474 510 Hugo

326 568 480 627 Pkoscolos.

719 743 869 810 CAPUT
892 742 1062 808 NONUM

369 936 468 976 anuos
488 930 709 974 munuuosroa:
734 923 781 971 est
793 913 924 971 omnium
942 914 1039 990 imago
1058 912 1209 971 doctarum
1229 910 1473 980 muliercularum,

328 1064 466 1125 expressa
486 1057 584 1104 tamen
602 1043 640 1102 ad
662 1053 796 1101 naturam
815 1041 966 1120 cujusdam
985 1041 1131 1101 mulieris:
1154 1054 1184 1100 et
1197 1040 1280 1120 cujus
1294 1060 1400 1100 nomen
1413 1060 1474 1099 nou

328 1188 435 1235 temere
448 1174 631 1252 prodendum
644 1170 769 1231 videtur.

696 1426 847 1492 CAPUT
871 1425 1095 1491 DECIMUM

368 1595 421 1654 Vs.
443 1601 471 1656 6.
514 1616 691 1656 nonnosus:
713 1606 758 1654 est
772 1595 890 1672 quidam
909 1594 1053 1672 Philippus
1066 1595 1111 1654 del
1123 1593 1211 1654 Rosso
1231 1595 1389 1655 etiamnum
1399 1594 1475 1654 Pro·

330 1725 422 1785 sessor
437 1726 612 1803 eloquentiae
626 1726 656 1783 in
664 1725 762 1803 Lyceo
777 1723 944 1783 Breideusi:
966 1723 1159 1795 Florentinus,
1171 1729 1306 1803 parasita,
1316 1725 1476 1785 maledicus

330 1862 360 1909 et
380 1851 493 1911 delator
514 1852 671 1929 professus.
715 1851 851 1911 Ceterum
871 1851 918 1910 hic
938 1869 968 1910 et
988 1855 1175 1929 sequentibus
1195 1855 1348 1933 capitibus,
1369 1855 1421 1915 ubi
1439 1855 1477 1915 de

329 1979 433 2039 eodem
453 1999 549 2038 sermo
570 1979 613 2049 fit,
635 1979 780 2058 descripta
799 1992 844 2039 est
864 1980 927 2059 ipsa
947 1981 1071 2039 hominis
1093 1993 1205 2048 natura,
1220 2002 1278 2058 qua
1298 2002 1404 2061 corpus
1419 2001 1479 2059 qua

330 2112 468 2172 animum.
510 2109 580 2168 Vid.
596 2128 660 2187 cap.
675 2109 730 2168 XI.
746 2130 790 2168 vs.
807 2115 852 2167 19.
866 2115 915 2168 20.
931 2115 979 2168 21.
994 2122 1023 2168 et
1036 2129 1100 2187 cap.
1116 2109 1202 2168 XIV.
1218 2132 1260 2169 vs.
1278 2115 1325 2168 la.
1368 2111 1477 2188 Philip-

328 2263 382 2317 pus
395 2250 458 2299 erat
470 2259 545 2297 uuus
559 2258 575 2296 e
589 2237 819 2315 speculatoribus
834 2239 991 2296 Paradisit':
1013 2235 1083 2296 nihil
1099 2256 1236 2313 umquam
1251 2236 1377 2313 scripsit.

372 2367 427 2426 Vs.
450 2373 479 2425 8.
521 2364 727 2425 Csusuoson:
749 2365 847 2424 Ducta
863 2380 907 2425 est
919 2366 1078 2444 appellatio
1092 2387 1130 2424 ex
1147 2366 1264 2424 nomine
1273 2364 1417 2424 Demetrii
1427 2385 1480 2424 cu·

327 2496 446 2575 jusdam
464 2494 631 2553 Colomobooe
644 2495 751 2572 dequo
765 2495 794 2553 in
805 2495 966 2566 Plutarchi,
977 2507 1009 2554 ut
1018 2495 1131 2574 opinor,
1143 2494 1302 2574 Opusculis
1313 2496 1480 2557 Moralibus

331 2625 440 2685 mentio
461 2624 506 2684 fit.
549 2624 596 2682 Illi
611 2625 666 2682 hoc
680 2644 843 2702 cognomen
858 2624 959 2682 datum
978 2625 1073 2683 suerat
1092 2625 1129 2682 ab
1148 2625 1225 2683 inani
1240 2627 1363 2703 strepitu
1376 2625 1482 2685 calami

332 2754 386 2824 sui,
400 2754 481 2831 quod
495 2754 631 2812 convenit
644 2753 674 2811 in
687 2752 839 2811 mulierem
853 2753 970 2812 doctam
984 2754 1021 2812 de
1034 2774 1092 2831 qua
1105 2754 1153 2812 bic
1167 2756 1272 2831 agitur.

375 2881 430 2941 Vs·
447 2887 494 2941 14.
537 2885 619 2940 Anno
636 2881 795 2940 Colomoboo
810 2882 925 2940 duobus
938 2881 1076 2960 deinceps
1090 2883 1158 2941 viris
1172 2896 1271 2961 nupta,
1283 2883 1433 2943 calumniis
1450 2881 1483 2941 in

332 3024 489 3088 utrumque
503 3011 620 3089 sparsis,
635 3010 783 3089 duplicem
798 3011 854 3069 sibi
868 3011 923 3068 hoc
937 3009 1059 3068 artificio
1080 3012 1243 3071 conciliavit
1263 3033 1387 3071 annuam
1407 3030 1481 3089 pen·

332 3139 461 3208 sionem3
485 3158 579 3216 eoque
593 3139 687 3218 pretio
702 3140 739 3198 ab
753 3138 832 3197 illius
846 3139 955 3217 viperae
970 3139 1054 3198 nodis
1070 3141 1158 3199 soluti
1177 3154 1254 3199 sunt.
1297 3141 1372 3199 Sane
1385 3140 1480 3200 inore·

332 3267 431 3328 dibilis
454 3268 591 3345 quaedam
624 3268 795 3345 magnitudo
820 3280 882 3326 tum
909 3268 1077 3328 stoliditatis
1103 3283 1165 3329 tum
1190 3271 1383 3348 improbitatis
1411 3288 1482 3328 con·
1541 3302 1544 3307 -

328 3395 431 3474 juncta
444 3410 488 3454 est
502 3396 532 3455 in
546 3396 601 3456 ista
614 3397 744 3455 muliere.

665 3649 816 3714 CAPUT
838 3650 1129 3719 UNDECIMUM

373 3817 525 3895 [ntegrum
537 3817 593 3875 hoc
607 3830 695 3896 caput
707 3818 831 3896 poeticae
850 3819 1024 3879 inventionis
1045 3834 1100 3893 est,
1121 3843 1215 3900 neque
1233 3824 1328 3883 adhuc
1347 3836 1481 3882 mortuus

330 3945 518 4025 lampredius.
547 3944 659 4004 Verum
672 3946 757 4005 uobis
770 3946 823 4006 illo
837 3959 954 4007 mortuo
969 3968 1045 4028 opus
1058 3950 1114 4011 fuit
1122 3952 1161 4012 ad
1171 3952 1378 4012 declarandum
1391 3951 1482 4011 animi
