3562 5364
489 285 617 329 curvis
645 270 994 328 nursncsuursnos.
1291 266 1312 325 7μ

161 427 255 507 ipsius
268 429 492 508 improbitatem,
514 442 545 489 et
561 431 599 490 ad
619 451 724 510 corpus
742 450 794 510 per
808 429 923 491 sodales
936 429 1199 492 condecorandam·
1241 429 1312 490 Vid.

161 577 226 637 cap.
241 555 328 616 XVI.

478 812 629 879 CAPUT
652 813 977 879 DUODEOIMUM

202 1027 374 1105 Spectacula
386 1027 474 1106 hujus
493 994 595 1108 capitis
616 1042 644 1089 et
666 1031 851 1108 sequentium
872 1049 964 1107 usque
986 1030 1024 1088 ad
1045 1028 1132 1089 finem
1153 1025 1308 1107 Hyperca-

160 1157 290 1236 lypseds,
305 1171 484 1234 peraguntur
499 1160 528 1216 in
541 1160 748 1237 Ptomotaphio
763 1159 800 1217 ad
814 1160 892 1238 ripas
905 1157 1032 1216 fluminis
1044 1157 1127 1216 Arni.

201 1285 255 1345 Vs.
272 1290 300 1347 7.
342 1287 489 1347 Assuras
511 1288 613 1347 F1n1us
634 1289 785 1347 Barnou:
821 1301 865 1347 est
890 1289 1003 1347 Bettoni
1026 1285 1164 1346 librarius
1188 1284 1309 1353 Brixiae,

160 1414 248 1472 homo
262 1415 528 1493 impudentissimus
553 1431 640 1495 atque
665 1418 817 1495 impostor.
859 1416 919 1476 Hic
939 1417 1011 1476 nihil
1035 1386 1115 1475 aliud
1139 1415 1194 1473 nisi
1217 1413 1309 1472 libros

161 1563 230 1602 suos
243 1544 328 1602 novis
349 1546 559 1623 imperantibus
581 1549 706 1619 dedicat,
731 1570 845 1627 semper
867 1551 986 1627 quidem
1008 1550 1082 1608 male
1104 1551 1141 1609 de
1162 1548 1309 1627 prioribus

158 1670 293 1747 loquens·
335 1672 404 1738 Qua
423 1689 485 1734 arte
495 1695 631 1754 magnam
651 1678 804 1755 pecuniam
823 1678 901 1748 fecit,
919 1678 971 1736 sed
984 1698 1035 1755 per
1049 1677 1209 1755 nequitiam
1223 1697 1308 1737 suam

159 1799 233 1858 adeo
247 1821 309 1859 reru
323 1801 494 1861 familiarem
508 1805 683 1881 profligavit,
699 1818 729 1864 ut
736 1805 800 1884 jam
815 1806 905 1864 ferme
921 1806 1078 1864 decoxerit.

200 1927 255 1987 Vs.
280 1935 327 1987 10.
367 1931 503 1990 Puunrns
525 1952 644 1991 msrmo
665 1954 761 1992 simus
783 1933 927 1993 Bauacn:
960 1934 1016 1992 Est
1043 1934 1163 2011 quidam
1191 1933 1309 1993 nomine

160 2057 262 2127 Arelli,
277 2057 394 2116 deditus
409 2060 439 2118 in
455 2059 545 2136 Opera
561 2062 683 2136 Bnffo,e
697 2062 763 2122 lacu
777 2060 888 2130 Garda,
902 2062 952 2139 qui
966 2064 1053 2120 etiam
1068 2061 1202 2120 Benacus
1216 2080 1305 2120 voca·

160 2195 216 2243 tur.
259 2185 359 2245 Homo
374 2188 504 2246 omnium
516 2189 763 2267 loquentissimus,
777 2192 828 2267 qui
841 2203 927 2248 nocet
940 2191 1072 2267 garriens
1088 2191 1149 2248 sine
1163 2189 1234 2248 fine:
1256 2210 1310 2250 uec

160 2316 288 2373 sentiens
306 2315 429 2375 fortasse
448 2337 530 2375 suam
551 2296 833 2388 inconsiderantiam,
856 2339 936 2396 saepe
951 2321 1068 2396 ignarus
1090 2319 1152 2396 ipse
1172 2318 1305 2398 specula.

160 2444 232 2502 toris
243 2464 397 2522 personam
409 2446 508 2521 gessit.

200 2572 254 2631 Vs.
279 2577 326 2631 ll.
369 2572 641 2631 PsonronnFrnrus
656 2572 836 2632 Pnrouran:
859 2573 1013 2631 Lndouicus
1040 2574 1219 2644 Lambertios,
1235 2575 1307 2634 Bib-

159 2701 344 2761 liothecarius
365 2701 541 2773 Breidensis‚
564 2700 717 2779 Inspector
739 2701 903 2759 scholarum
923 2701 1116 2778 publicarum,
1138 2701 1308 2763 Membrum

160 2829 300 2899 Instituti,
312 2829 411 2907 Eques
426 2830 551 2888 duorum
566 2830 718 2887 ordinum:
740 2849 846 2906 corpus
860 2827 924 2906 ejus
938 2829 1114 2888 maculatum
1129 2830 1225 2909 specie
1236 2850 1309 2908 qua·

159 2957 228 3017 dam
248 2958 335 3036 gallae
356 2978 423 3036 quae
443 2958 544 3017 oculos
566 2968 595 3015 et
616 2978 720 3016 manus
740 2957 867 3027 laniavit,
889 2957 1003 3015 animus
1018 2957 1101 3016 sedes
1120 2959 1175 3018 fuit
1187 2960 1308 3020 invidiae

159 3087 369 3146 sordidissimae
384 3098 413 3144 et
428 3085 676 3164 suspicacissimae.
717 3083 835 3143 Nomen
848 3085 879 3143 iu
891 3085 1051 3163 philologia
1065 3060 1176 3158 halruit,
1190 3088 1307 3148 consul-

159 3229 265 3292 tusque
279 3215 334 3273 fuit
354 3214 391 3273 de
411 3214 554 3284 omnibus,
569 3233 637 3291 quae
655 3213 833 3290 pertinerent
849 3212 887 3270 ad
905 3227 1037 3272 auctores
1058 3213 1194 3274 classicos
1205 3215 1306 3288 Italos,

159 3343 288 3415 Latinos,
305 3344 444 3403 Graecos:
466 3354 497 3402 at
514 3360 672 3418 numquam
686 3341 844 3417 quidquam
865 3351 946 3398 tanto
957 3341 1074 3398 nomine
1088 3341 1210 3419 dignum
1229 3343 1307 3414 secit,
1381 3424 1383 3429 γ

158 3474 248 3537 immo
267 3474 443 3554 paucissima
462 3469 586 3548 scripsit.
628 3469 759 3538 Juvenis,
782 3467 939 3526 Horatium
960 3468 1099 3539 imitatus,
1121 3470 1237 3547 pulcros
1252 3471 1307 3531 ali-

159 3617 232 3682 quot
251 3624 354 3663 versus
377 3599 550 3677 composuit.
593 3597 651 3656 Sed
677 3596 740 3675 ejus
763 3596 841 3655 fama
864 3596 1015 3666 diminuta,
1037 3610 1066 3655 et
1090 3610 1158 3674 post
1179 3611 1306 3660 mortem

159 3733 221 3810 ipse
240 3731 380 3791 oblivioni
402 3728 525 3787 traditus
547 3738 600 3785 est.
643 3724 780 3783 Ceterum
795 3724 896 3782 aulicis
911 3725 1021 3783 artibus
1041 3725 1162 3803 peritus,
1185 3727 1306 3788 cadente

160 3860 237 3920 sama
254 3861 342 3920 altius
354 3869 470 3918 evectus
490 3856 601 3915 reditus
616 3853 831 3932 multiplicavit.
873 3852 1002 3912 Multum
1022 3854 1081 3913 suis
1100 3854 1239 3915 rivalibus
1252 3875 1306 3917 no·

160 3990 221 4049 cuit
233 3987 358 4047 aliorum
372 3985 542 4046 ministerio.
583 3982 696 4043 Jesuita
709 3981 853 4052 disertior,
869 3980 942 4040 citra
952 3981 1128 4060 opinionem,
1148 3982 1307 4045 insidiosis·
