3562 5364
326 516 367 580 5⁰

376 694 414 782 5.
437 694 472 768 T
473 720 550 769 unc
576 688 731 768 interim
756 690 800 765 in
821 689 1094 791 Ptomotaphio
1115 691 1262 768 invidia
1283 705 1322 770 et
1340 695 1445 774 livor

328 847 509 946 antiquus
534 867 704 919 exarsere
728 841 771 918 in
796 842 929 918 surore
957 867 1062 918 novo
1091 841 1194 919 inter
1218 845 1446 922 Psorionam

330 1012 370 1076 et
396 968 551 1072 Ghoes-z

379 1146 413 1223 6.
438 1147 490 1221 Et
512 1144 640 1249 jurgia
668 1156 708 1222 et
739 1142 852 1220 minae
883 1154 923 1221 et
952 1144 1235 1241 execrationes,
1268 1160 1309 1223 et
1331 1149 1447 1224 recri-

328 1298 558 1376 minationes
593 1299 800 1373 scelerum:
835 1307 876 1373 et
904 1296 1033 1372 Ghoes
1064 1297 1318 1397 exprobrabat
1342 1299 1448 1377 furta

328 1450 543 1540 Psorionae3
560 1459 599 1523 et
616 1446 800 1524 Psoriona
817 1447 1072 1548 exprobrabat
1085 1447 1214 1523 Ghoes
1230 1449 1447 1526 lenociniaz

307 1569 369 1679 *et
388 1602 617 1703 petebantur
640 1597 843 1671 calumniis
868 1597 917 1671 ad
942 1596 1123 1674 invicem.

379 1779 413 1851 7.
438 1753 489 1826 Et
520 1752 649 1824 Ghoes
679 1745 904 1851 adjunxerat
934 1748 1009 1822 sibi
1040 1748 1230 1826 auxilium
1263 1748 1446 1853 Agyrtes=

328 1904 513 1981 Psoriona
539 1926 632 1978 vero
658 1898 846 1973 auxilium
871 1898 1035 2000 Phlyriae
1065 1901 1271 1976 histrionis.

379 2055 414 2129 8.
441 2053 557 2150 Gigas
586 2051 827 2152 percutiebat
853 2053 971 2152 alapis
998 2065 1082 2127 tum
1112 2053 1241 2128 Ghoes
1267 2064 1305 2130 et
1328 2052 1449 2156 Agyr-

331 2173 431 2299 tem3
456 2218 541 2279 tum
566 2203 792 2279 Psorionam
819 2214 859 2278 et
882 2203 1088 2304 Phlyriam.
1405 2307 1409 2319 1

382 2384 417 2460 9.
444 2357 639 2457 Pygmaeus
667 2354 803 2431 sedens
831 2379 1032 2450 seorsum,
1070 2357 1192 2430 altero
1218 2357 1334 2429 oculo
1363 2357 1449 2456 plo-

331 2534 442 2601 rans,
478 2507 753 2606 deprecabatur
776 2505 922 2581 rixam:
955 2509 1077 2582 altero
1102 2531 1195 2582 vero
1221 2505 1446 2602 subridens,

332 2657 567 2734 exhilarabat
590 2629 848 2759 hypocrisiam
874 2657 999 2733 cordis
1028 2656 1099 2732 sui.

386 2834 441 2883 ιο.
465 2809 517 2881 Et
542 2807 657 2882 Anna
680 2806 915 2889 Calamobba
936 2809 1030 2882 dum
1054 2808 1298 2882 osculabatur
1320 2805 1452 2906 proeli·

332 2972 459 3055 antes,
476 2957 704 3036 vulnerabat
721 2984 785 3033 eos
803 2985 936 3034 omnes
953 2959 1133 3034 dentibus
1145 2958 1223 3032 suis
1239 2958 1449 3036 venenatis.

387 3137 444 3186 11.
468 3110 520 3184 Et
545 3111 740 3187 oriebatur
767 3139 921 3187 rursum
951 3110 1158 3210 disputatio
1184 3111 1371 3207 maligna,
1398 3112 1450 3188 de

247 3361 249 3365 .
332 3265 438 3360 lege,
460 3286 549 3359 rege
558 3318 582 3356 ,.
595 3287 727 3359 grege:
753 3263 850 3338 etin
866 3261 1124 3361 disputatione
1142 3260 1303 3335 crimina
1319 3257 1453 3362 majes-

335 3412 451 3507 tatis,
492 3424 532 3488 et
565 3414 715 3511 sanguis
750 3412 832 3488 sine
871 3437 982 3489 ense:
1016 3438 1104 3486 saxa
1139 3423 1267 3486 autem
1299 3424 1337 3488 et
1367 3437 1451 3488 ossa

333 3563 630 3663 quadrupedum
655 3563 922 3638 ministrabant
951 3589 1066 3638 arma.

314 3809 318 3822 Ι
368 3689 443 3786 ³12.
459 3714 675 3789 Eunuchus
687 3714 831 3790 interea
844 3714 1046 3814 Philippus
1062 3713 1261 3789 exterritus
1279 3710 1453 3808 fugiebat

332 3862 504 3962 passibus
521 3863 680 3940 anseris:
705 3865 959 3940 meditabatur
976 3866 1080 3942 adire
1097 3865 1322 3942 convivium
1335 3865 1449 3939 Eden

240 4025 243 4028 ’
334 4027 489 4114 satrapae
514 4016 690 4091 Pharisaei
714 4015 895 4091 Doctoris
920 4015 1101 4090 Maximi:
1134 4016 1166 4090 is
1192 4012 1297 4090 enim
1324 4013 1453 4088 ciebat

334 4159 726 4264 Eunuchomachias,
777 4179 823 4241 ut
858 4167 1000 4242 rideret
1032 4167 1222 4241 Doctores
1257 4162 1450 4258 rixantes,

336 4312 476 4412 quibus
504 4330 632 4396 tamen
657 4318 864 4395 Pharisaeus
889 4317 960 4393 istc
985 4316 1178 4420 Maximus
1202 4327 1371 4418 praeerat.
