3562 5364
740 284 1062 353 OORRIGENDA.

365 424 438 505 Peg.
452 423 508 487 Xl.
550 422 704 493 Scinaeitt
725 425 797 502 quod
815 424 878 494 rtis,
895 424 1214 502 preire-institissent:
1246 423 1295 483 sic
1315 423 1392 485 enim
1412 425 1473 485 lere

325 530 435 601 malim,
457 528 572 611 abjecte
588 528 715 589 elitiouis
730 528 808 587 note'
822 540 853 587 et
869 541 985 588 servate
998 528 1029 587 in
1041 529 1097 588 hoc
1112 548 1199 588 versu
1213 530 1250 588 eb
1264 540 1385 588 auctore
1397 530 1473 608 epie-

326 634 395 695 tolae
410 634 489 705 fleto,
503 633 655 693 vetustatis
674 633 808 711 robigine
827 633 857 693 in
870 653 942 692 voce
955 634 1066 692 ultima.
1108 635 1156 693 Ad
1175 635 1298 694 similem
1311 634 1472 694 litterarum

325 758 500 801 concurrum
526 739 639 799 aceedit
659 737 783 797 Plautus
806 758 903 797 casin.
929 758 973 797 111.
997 744 1027 796 5.
1048 743 1156 798 8-11.
1197 741 1256 798 Elia
1276 742 1388 798 nimiam
1407 742 1474 799 scite

325 844 412 903 scitne
424 843 578 902 et—Nuac
598 843 666 901 enim
687 853 713 902 te
728 845 832 901 demeat
849 845 951 902 nullum
971 845 1069 902 scitum
1085 845 1182 903 sattius
1198 853 1258 902 cst:
1280 858 1366 922 etque
1388 846 1475 905 etiem

325 946 365 1007 ed
387 948 560 1007 sententiam
582 946 737 1007 Terentius
759 968 891 1007 eunucu.
915 968 956 1007 tv.
986 953 1014 1006 4.
1038 953 1086 1007 54.
1141 950 1184 1007 Tu
1201 951 1250 1025 pol
1267 951 1292 1006 ti
1310 951 1385 1027 sepis
1404 954 1477 1028 quod

326 1050 379 1111 scir
392 1052 488 1110 nescis.
531 1052 588 1111 Sed
610 1051 789 1129 Sigmatiemi
804 1072 920 1112 eausam
940 1065 1046 1130 praeter
1063 1065 1175 1111 ceteros
1193 1052 1230 1110 ed
1252 1051 1397 1129 Euripidis
1415 1072 1473 1111 rte-

326 1174 421 1227 mrau,
444 1159 514 1216 476.
533 1158 627 1215 ἔσωσα
649 1157 673 1213 e’
690 1159 723 1217 ὥς
744 1156 843 1215 ἴσασιν
857 1156 1005 1228 Ἑλλήνων
1024 1154 1105 1226 ὅσοις
1127 1155 1300 1215 Graecorum
1322 1170 1473 1233 poetarum

326 1258 469 1338 exemplis
483 1260 601 1337 egregie
614 1260 770 1321 illustravit
780 1261 924 1319 Ricardus
935 1260 1059 1330 Person,
1074 1282 1212 1338 magnum
1223 1260 1381 1319 Britanniae
1394 1260 1473 1320 sides

326 1382 419 1441 nuper
432 1363 603 1423 extinctum.
645 1363 760 1429 Quibus
774 1365 859 1433 adde,
875 1365 898 1423 si
913 1365 1016 1442 placet,
1035 1365 1192 1424 Simonidis
1205 1365 1383 1441 epigramma
1395 1365 1475 1424 haud

327 1487 396 1527 rene
409 1467 572 1545 illepidum,
587 1488 624 1525 ex
639 1467 788 1527 Analectis
802 1468 952 1538 Brunckii‚
972 1467 1059 1525 Tom.
1073 1467 1082 1525 i
1109 1489 1137 1545 p.
1154 1473 1222 1526 141.
1235 1467 1293 1528 No.
1309 1468 1452 1527 LXXIX.

566 1570 659 1633 Σῶσος
674 1575 721 1630 καὶ
735 1571 819 1629 Σωσῶ
831 1571 952 1650 Σωτείρῃ
966 1570 1041 1631 τόνδ’
1054 1573 1197 1643 ἀνέθηκαν

566 1674 659 1739 Σῶσος
672 1675 727 1752 μὲν
741 1681 837 1738 σωθείς
851 1675 934 1733 Σωθῶ
949 1675 971 1733 δ’
980 1678 1023 1734 ὅτι
1038 1675 1131 1738 Σὸῑσος
1143 1678 1243 1748 ἐσώθη.

366 1778 512 1838 Praeteree
531 1780 614 1840 nobis
634 1782 858 1840 retractantibus
880 1780 1117 1858 Hypercalypsin
1138 1797 1167 1839 et
1185 1781 1390 1841 Praefationem
1410 1782 1473 1840 haec

325 1882 497 1942 videbantur
510 1883 557 1942 vel
571 1886 744 1963 corrigenda
756 1885 804 1944 vel
817 1885 915 1954 dultia,
934 1886 964 1943 in
979 1884 1056 1943 hune
1069 1885 1189 1943 modum
1203 1885 1402 1962 persananda:

367 2011 404 2071 ln
418 2010 635 2073 Parmenione
648 2033 655 2070 t

406 2116 481 2195 Peg·
497 2117 556 2175 111.
577 2117 628 2175 lin.
646 2122 692 2177 ll.
713 2138 763 2175 suu
777 2138 950 2195 quorumque.
992 2117 1044 2175 lin.
1062 2122 1109 2175 19.
1131 2116 1254 2194 Cyrnei..

407 2222 480 2299 Peg.
494 2220 550 2280 lV.
572 2221 622 2281 lin.
637 2226 685 2280 23.
708 2223 860 2280 lacessitum
875 2222 921 2279 iri.

408 2326 478 2404 Peg.
493 2326 548 2385 Vl.
568 2325 620 2385 lin.
636 2332 684 2386 10.
702 2325 842 2383 Venusini.
872 2324 922 2383 lin.
939 2331 987 2383 20.
1009 2346 1042 2382 ne
1055 2327 1205 2402 suspicione
1218 2327 1325 2403 quidem
1336 2327 1473 2405 attingere

445 2440 561 2507 euentu:
582 2442 642 2499 eut,
664 2451 697 2487 rte
711 2431 753 2487 vel
765 2430 915 2505 suspicione
928 2429 1066 2507 attingere
1080 2440 1187 2506 queant.

406 2536 478 2611 Peg.
494 2533 565 2593 Vll.
587 2534 637 2593 lin.
655 2538 682 2591 8.
703 2533 811 2602 malim,
827 2542 874 2590 tue
885 2534 991 2609 gratie.

405 2639 477 2717 Peg.
492 2637 581 2697 Vlll.
602 2639 652 2698 lin.
668 2644 697 2696 2.
729 2658 776 2695 oce
789 2637 875 2706 redis,
889 2635 985 2695 delete
998 2635 1205 2713 praepositione
1223 2638 1252 2695 in
1259 2660 1271 2704 ;
1292 2652 1351 2708 eut,
1372 2641 1476 2698 eruditi

444 2744 521 2801 redis
534 2744 632 2801 inetur.

405 2846 476 2923 Peg.
494 2844 549 2904 lx.
571 2845 622 2905 lin.
638 2852 667 2903 2.
686 2845 897 2921 wiliel-rentur:
918 2844 978 2901 elii.

405 2950 477 3029 Peg.
493 2949 532 3009 X.
553 2950 607 3009 lin.
619 2954 667 3007 18.
688 2948 870 3025 Didumoeum.
900 2946 954 3005 lin.
970 2952 1017 3005 18.
1031 2948 1171 3008 oblivisci:
1191 2960 1326 3010 acetrum.
1354 2951 1405 3010 lin.
1421 2957 1471 3011 26.

444 3056 489 3113 rel
498 3054 578 3133 jeta,
599 3055 644 3111 tel
655 3054 747 3111 etium.

405 3160 478 3239 Peg.
494 3160 567 3219 xll.
588 3160 641 3219 lin.
657 3164 684 3217 l.
706 3178 765 3235 qne
779 3160 824 3216 rel
834 3162 946 3235 optime,
965 3159 1082 3218 inverso
1095 3160 1209 3220 ordine·

404 3264 478 3343 Peg.
492 3264 579 3323 xlt'.
599 3265 650 3323 lin.
664 3271 693 3322 rt.
714 3263 862 3339 Eumpoetr.

405 3368 479 3449 Peg.
495 3368 565 3427 XV.
586 3369 638 3428 lin.
653 3375 682 3427 2.
704 3370 808 3427 tudites
825 3368 1021 3446 autographas.

365 3498 402 3559 lu
415 3498 689 3559 Hrrnneairasru:

404 3602 479 3683 Cep.
493 3602 536 3663 ll.
551 3624 594 3663 rs.
613 3609 639 3661 1.
660 3604 688 3661 in
702 3604 745 3660 ete
757 3602 900 3661 dominice.

405 3706 480 3788 Cep.
496 3708 552 3767 xl.
567 3728 612 3767 rs.
629 3713 677 3766 le.
695 3716 844 3765 exterrens.

405 3812 480 3893 Cep.
494 3812 566 3872 xll.
580 3834 623 3871 rs.
638 3820 668 3873 8.
690 3811 916 3889 mammillarum.

406 3916 482 3997 Cep.
497 3916 584 3976 xlv.
598 3938 643 3975 rs.
665 3922 691 3975 l.
712 3915 829 3973 herle.

406 4020 584 4083 Foedissime
596 4022 721 4099 denique
733 4017 848 4079 macule
866 4032 912 4075 est
931 3990 996 4095 etp.
1010 4015 1130 4075 XVIII.
1141 4035 1185 4073 rs.
1197 4020 1249 4075 st.
1289 4014 1329 4072 H
1347 4036 1408 4073 cn
1425 4017 1473 4072 de·

444 4127 662 4205 marterinis
680 4128 819 4204 dejrgm·
848 4142 936 4201 quem
957 4122 1075 4199 quidem
1097 4121 1284 4180 callrdmm
1304 4121 1473 4191 εὶιιαίιιιω,

443 4233 610 4299 mecedo.
630 4232 771 4292 &numer
789 4228 837 4289 rel
850 4227 1131 4306 denesmseeerir,
1150 4226 1207 4285 nisi
1222 4225 1310 4285 malis
1327 4228 1472 4304 digressu

442 4337 542 4405 theris.
