3562 5364
324 260 343 323 8
648 276 775 324 ctsvrs
804 245 1162 321 areaacsnresuds.

324 427 413 485 simus
433 428 563 489 omnium
583 427 736 486 doctorum
757 414 852 484 Italiae
873 424 939 483 suit.
980 423 1130 483 Educatus
1156 437 1252 484 autem
1273 425 1303 484 in
1322 425 1390 486 aula
1411 425 1472 486 llo-

324 577 419 626 mana,
432 556 601 616 adolescens
615 555 689 614 inter
702 553 827 612 famulos
841 552 993 631 cujusdam
1007 552 1145 632 principis
1162 554 1232 632 egit.

365 683 418 745 Vs.
442 690 488 744 14.
530 703 627 743 aucas
648 703 744 742 rurus
765 701 884 741 nonos:
914 681 1040 740 Montius
1061 694 1157 760 poeta,
1190 683 1240 760 qui
1263 702 1333 742 sane
1355 685 1473 762 poetico

325 813 466 893 praeditus
480 813 605 891 ingenio,
628 813 721 871 caruit
737 811 974 889 longanimitate:
996 811 1150 871 festinandi
1170 832 1328 890 numquam
1348 832 1406 871 non
1420 832 1473 870 vo-

323 943 420 1003 luntas
440 934 485 1001 illi
502 957 589 1019 atque
609 942 696 1000 etiam
717 940 873 999 necessitas
892 939 957 1011 fuit,
973 940 1081 1018 quippe
1099 943 1282 1000 occasionem
1302 943 1430 1021 captanti
1443 943 1474 1000 in

324 1095 380 1132 usu
401 1072 624 1150 magistratuum
645 1071 750 1148 quibus
776 1069 905 1127 calamus
927 1069 989 1147 ejus
1013 1069 1196 1129 inserviebat.
1239 1070 1309 1136 Quo
1324 1071 1422 1130 nescio
1435 1091 1473 1130 an

323 1215 391 1280 post
413 1201 563 1259 hominum
581 1199 750 1258 memoriam
769 1197 880 1257 nullum
907 1198 1021 1275 uspiam
1046 1198 1164 1277 majoris
1188 1199 1235 1257 vel
1255 1199 1403 1259 varietatis
1427 1201 1476 1259 vel

324 1329 514 1408 impudentiae
537 1327 704 1407 exemplum
724 1327 863 1386 extiterit.
905 1326 994 1386 Anno
1013 1346 1153 1387 unccxcn
1177 1329 1215 1387 ad
1239 1348 1386 1389 arocccxrv
1405 1317 1475 1408 qtiae

276 1539 283 1546 ν
323 1478 378 1536 pro
404 1458 486 1537 Papa
511 1457 627 1536 scripsit
663 1455 963 1515 immoderatissimam
990 1458 1102 1535 spirant
1125 1458 1377 1536 superstitionem
1406 1478 1476 1536 quae

325 1609 379 1668 pro
392 1587 410 1647 J
412 1587 549 1657 acobinis,
562 1606 663 1664 parem
678 1585 874 1663 impietatem:
894 1586 983 1644 modo
996 1584 1143 1657 laudibus,
1165 1587 1254 1645 modo
1268 1588 1477 1648 exsecrationi·

324 1721 380 1778 bus
404 1728 598 1794 persequutus
620 1726 664 1772 est
691 1714 789 1772 omnia
811 1713 886 1790 juris
915 1713 1007 1773 civilis
1034 1713 1177 1792 principia
1203 1726 1291 1792 atque
1318 1716 1479 1793 principes,

326 1860 414 1928 prout
438 1846 503 1924 quis
526 1844 648 1922 pecunia
671 1842 829 1920 pelliceret.
869 1842 937 1901 Jam
951 1842 1081 1901 Austriae
1096 1842 1305 1921 Imperatorem
1325 1844 1476 1906 blanditus

327 1974 484 2045 demulcet,
504 1972 588 2053 cujus
609 1971 691 2031 annis
712 1971 910 2049 superioribus
931 1971 1038 2029 famam
1058 1970 1246 2030 laceraverat.
1286 1971 1360 2051 Ejus
1379 1972 1476 2031 oratio

327 2104 427 2176 nitida,
448 2103 581 2181 quatruvio
600 2101 663 2160 auri
679 2100 833 2178 splendore
854 2099 947 2178 magis
960 2119 1047 2176 quam
1058 2100 1186 2177 puritate
1198 2099 1312 2159 luceat:
1333 2122 1479 2179 agnoscas

326 2235 501 2294 imitatorem
515 2244 544 2290 et
557 2230 660 2289 eadem
672 2231 775 2288 saevius
790 2229 950 2289 iterantem.
992 2226 1078 2286 Uxor
1098 2229 1320 2306 intemperantia
1343 2228 1479 2299 celebris,

327 2362 535 2438 dominumque
555 2371 660 2419 ornant
682 2378 790 2416 cornua
808 2357 939 2417 limacis..
973 2356 1124 2416 Educatus
1146 2370 1191 2415 est
1211 2357 1339 2416 Montius
1358 2358 1388 2417 in
1408 2358 1480 2418 aula
1502 2353 1505 2360 ’

327 2489 469 2549 Romana.

368 2618 421 2678 Vs.
445 2591 572 2677 19-2'1.
616 2634 830 2676 scrrrsrrsrrcus
855 2633 893 2672 ar
920 2633 988 2673 arua
1017 2634 1155 2673 noratur:
1188 2629 1233 2672 est
1260 2615 1311 2692 qui
1337 2615 1394 2694 ipsi
1421 2615 1478 2675 sibi

296 2770 300 2778 ·
328 2760 451 2807 mortem
466 2745 615 2816 conscivit,
631 2743 713 2824 cujus
729 2743 830 2802 celabo
843 2762 959 2802 nomen.
1001 2741 1061 2801 Sed
1080 2742 1135 2800 luit
1152 2741 1227 2813 talis,
1246 2742 1339 2819 qualis
1358 2744 1406 2803 hic
1425 2745 1479 2805 de·

329 2877 465 2938 scribitur
479 2875 647 2953 etamplius
661 2872 824 2950 explicatur
838 2891 901 2949 cap.
917 2869 1007 2931 XIlI.
1022 2891 1065 2930 vs.
1085 2876 1130 2930 ll.
1146 2890 1209 2948 sqq.
1226 2870 1311 2930 XIV.
1327 2893 1370 2931 vs.
1395 2878 1422 2932 9.

370 3006 423 3066 Vs.
445 3013 494 3065 22.
536 3023 622 3064 oreas
652 3020 835 3060 romuleae
855 3019 953 3058 vanua
975 3019 1046 3058 uos:
1068 3013 1112 3057 est
1133 3001 1227 3077 pictor
1248 3001 1365 3060 nomine
1388 3003 1479 3076 Bossi,

328 3149 461 3196 mortuus
475 3153 566 3213 quum
580 3133 714 3191 ederetur
735 3127 975 3207 Hypercalypsis.
1019 3126 1054 3185 ln
1069 3126 1247 3186 delineandis
1268 3148 1422 3206 corporum
1442 3129 1479 3188 fi-

329 3224 411 3346 guris
424 3264 505 3334 felix,
519 3263 549 3322 in
562 3261 709 3322 coloribus
723 3258 916 3338 temperandis
927 3259 1080 3316 oculorum
1090 3255 1202 3335 judicio
1212 3257 1324 3330 caruit3
1346 3259 1376 3316 in
1386 3277 1481 3336 eaque

329 3395 448 3476 propria
459 3394 584 3472 picturae
597 3392 684 3450 laude
696 3390 781 3469 plane
795 3388 894 3447 nullus
908 3399 978 3445 erat
1020 3369 1103 3445 Idem
1118 3384 1169 3443 tali
1182 3385 1299 3463 ingenio
1318 3385 1383 3455 fuit,
1401 3396 1435 3443 ut
1450 3396 1480 3444 et

331 3521 474 3603 principia
493 3531 663 3598 sequeretur
683 3537 824 3597 perquam
838 3515 991 3585 mirabilia,
1012 3526 1042 3572 et
1063 3512 1102 3572 ad
1122 3513 1277 3572 falsissima
1292 3514 1479 3575 delaberetur

331 3650 527 3713 consectaria:
549 3640 599 3726 qui
612 3648 730 3725 quidem
751 3657 856 3724 praeter
879 3642 1054 3701 Michaelem
1074 3641 1223 3719 Angelum
1246 3655 1276 3700 et
1292 3641 1480 3702 Leonardum

333 3781 469 3841 Vincium
483 3777 579 3838 nullos
592 3772 851 3855 agnoveridbonos
864 3771 1008 3850 pictores:
1030 3782 1153 3852 ceteros,
1163 3770 1315 3847 ipsumque
1329 3769 1404 3829 adeo
1418 3769 1479 3830 Ra.

334 3907 476 3993 phaelem,
504 3903 720 3985 contempserit.
763 3901 867 3969 Quidl
890 3900 992 3968 Quum
1015 3897 1161 3957 Leonardi
1185 3895 1286 3961 tabula
1308 3894 1346 3955 de
1371 3895 1482 3957 Sancta
