3562 5364
1404 553 1442 618 19

382 742 437 793 1ο.
462 715 514 791 Et
538 739 629 790 cum
653 711 858 791 audivisset
879 712 959 788 haec
980 710 1119 807 verba,
1145 713 1293 812 poetria
1317 741 1444 816 perer-

328 869 437 946 rabat
458 869 507 942 ad
527 864 819 942 similitudinem
840 863 943 940 canis
963 863 1062 939 soetae
1082 865 1245 941 lustrans
1269 870 1444 944 tenebras

329 1031 369 1096 et
391 1021 583 1119 sepulcra:

382 1195 439 1244 11.
463 1169 514 1243 Et
535 1163 704 1267 ejulabat
724 1164 836 1242 valde
858 1164 1006 1242 dicens:
1031 1166 1196 1247 Venena
1219 1169 1376 1245 latentia
1400 1171 1443 1248 in

328 1318 552 1422 putredine,
579 1329 618 1393 et
642 1318 844 1392 morticina
868 1318 1063 1419 pestifera:

384 1495 439 1544 12.‘
465 1472 565 1544 Date
589 1468 687 1543 mihi
715 1467 822 1545 virus
851 1470 900 1542 ad
930 1468 1162 1544 occidendos
1188 1470 1229 1546 in
1259 1472 1441 1549 convivio

331 1623 482 1715 Choes,
509 1632 547 1696 et
571 1620 794 1695 Psorionam
821 1633 860 1696 et
885 1620 1100 1722 Phlyriam,
1127 1633 1166 1698 et
1187 1649 1320 1699 omnes
1341 1623 1444 1725 Apo·

330 1776 447 1846 stolos
473 1797 609 1847 eorum
633 1770 830 1846 iscariotes
857 1758 1109 1846 Hieromomi
1128 1772 1229 1848 mei:

384 1927 441 2001 13.
473 1921 622 1996 Stillate
659 1932 915 1996 atramentum
958 1932 996 1997 et
1032 1924 1195 1998 scribam
1238 1922 1443 2024 alphabeto

330 2072 509 2149 flammeo
540 2072 850 2149 maledictionem
879 2085 1079 2149 aternam:
1115 2074 1316 2176 optimates
1341 2073 1445 2150 enim

331 2224 438 2299 urbis
464 2224 711 2300 crediderunt
733 2224 853 2300 mihi:
878 2253 881 2260 ¹

387 2394 443 2464 14.
467 2376 519 2450 Et
546 2375 646 2449 sicut
674 2376 859 2451 acuebam
889 2375 1099 2451 calumnias
1128 2367 1308 2450 adversus
1336 2373 1447 2449 mari·

228 2516 230 2523 ’
334 2537 393 2599 tos
419 2550 542 2601 meos:
569 2538 607 2599 et
627 2526 819 2602 excoecavi
838 2526 1031 2600 lustitiam
1060 2529 1227 2620 calamo,
1255 2538 1293 2600 et
1313 2526 1447 2625 aperui

334 2701 444 2751 aures
470 2701 554 2749 suas
578 2673 755 2775 lacrymis
780 2675 894 2749 meis:
928 2676 978 2750 Et
1004 2699 1026 2749 e
1051 2685 1285 2749 sacramento
1311 2675 1448 2773 germi-

334 2825 443 2902 navit
463 2823 734 2898 condemnatio
756 2823 1042 2899 innocentium:
1071 2928 1081 2940 l

390 2975 446 3049 15.
472 2974 533 3049 Sic
560 2973 722 3048 scribam
753 2973 795 3048 in
820 2973 921 3047 libro
946 2973 1262 3074 imprecationem
1289 2987 1327 3052 et
1346 2973 1448 3079 jura·

337 3136 511 3200 mentum
537 3136 576 3199 et
600 3150 657 3200 vae
682 3124 731 3199 ad
754 3125 970 3224 perdendos
995 3123 1110 3199 etiam
1134 3139 1335 3201 nocentes:

389 3275 445 3352 16.
472 3275 671 3380 Quoniam
697 3273 899 3373 participes
921 3286 960 3348 et
976 3275 1189 3374 proditores
1210 3275 1345 3349 cinaedi
1370 3275 1449 3350 mei

338 3424 439 3521 vivi,
464 3438 725 3526 persecutores
750 3424 865 3500 etiam
889 3424 978 3499 sacti
1004 3436 1094 3499 sunt
1116 3437 1282 3500 mortuo.

392 3601 448 3674 17.
473 3576 525 3649 Et
548 3576 765 3649 bacchabor
788 3574 830 3648 in
854 3573 1051 3675 Synagoga
1076 3575 1314 3670 Doctorum,
1346 3588 1384 3651 et
1408 3576 1451 3654 in

341 3727 506 3824 templo,
534 3725 638 3800 etin
663 3727 836 3824 emporio
861 3725 998 3826 populi
1022 3724 1148 3797 nuda:

394 3875 449 3950 18.
476 3874 697 3974 Conspicite
722 3902 785 3951 me
806 3876 942 3976 populi
964 3899 1096 3949 omnes
1118 3874 1208 3973 quia
1229 3874 1344 3949 etiam
1368 3900 1449 3953 ves·

342 4022 501 4100 timcnta
526 4050 612 4100 mea
638 4027 792 4103 tandem
817 4025 1087 4102 abominantur
1112 4052 1186 4102 mc.

396 4200 453 4277 19.
489 4175 719 4275 Cognoscite
748 4173 1033 4254 immunditiam
1062 4202 1188 4253 meam
1226 4204 1343 4277 quarn
1376 4176 1454 4254 texi

343 4325 574 4403 indumento
599 4328 779 4428 virginis:
