<?xml version="1.0" encoding="UTF-8"?>
<!DOCTYPE html PUBLIC "-//W3C//DTD XHTML 1.0 Transitional//EN"
    "http://www.w3.org/TR/xhtml1/DTD/xhtml1-transitional.dtd">
<html xmlns="http://www.w3.org/1999/xhtml" xml:lang="en" lang="en">
 <head>
  <title>
</title>
<meta http-equiv="Content-Type" content="text/html;charset=utf-8" />
  <meta name='ocr-system' content='tesseract 3.04.00' />
  <meta name='ocr-capabilities' content='ocr_page ocr_carea ocr_par ocr_line ocrx_word'/>
</head>
<body>
  <div class='ocr_page' id='page_1' title='image "./didymiclericipr00foscgoog_0023.png"; bbox 0 0 3562 5364; ppageno 0'>
   <div class='ocr_carea' id='block_1_1' title="bbox 492 571 548 609">
    <p class='ocr_par' dir='ltr' id='par_1_1' title="bbox 492 571 548 609">
     <span class='ocr_line' id='line_1_1' title="bbox 492 571 548 609; baseline 0 -1"><span class='ocrx_word' id='word_1_1' title='bbox 492 571 548 609; x_wconf 67' lang='lat' dir='ltr'><strong>xlv</strong></span> 
     </span>
    </p>
   </div>
   <div class='ocr_carea' id='block_1_2' title="bbox 493 717 1635 1196">
    <p class='ocr_par' dir='ltr' id='par_1_2' title="bbox 493 717 1635 1196">
     <span class='ocr_line' id='line_1_2' title="bbox 494 717 1609 806; baseline 0.001 -18"><span class='ocrx_word' id='word_1_2' title='bbox 494 743 600 788; x_wconf 81' lang='lat' dir='ltr'><strong>eam:</strong></span> <span class='ocrx_word' id='word_1_3' title='bbox 626 723 732 786; x_wconf 82' lang='lat' dir='ltr'><strong>rerba</strong></span> <span class='ocrx_word' id='word_1_4' title='bbox 757 726 872 784; x_wconf 86' lang='lat' dir='ltr'><strong>tamen</strong></span> <span class='ocrx_word' id='word_1_5' title='bbox 900 720 1103 801; x_wconf 86' lang='lat' dir='ltr'><strong>(postquam</strong></span> <span class='ocrx_word' id='word_1_6' title='bbox 1129 717 1263 806; x_wconf 85' lang='lat' dir='ltr'>perlegi</span> <span class='ocrx_word' id='word_1_7' title='bbox 1293 722 1609 790; x_wconf 78' lang='lat' dir='ltr'><strong>Eunuchomachiae</strong></span> 
     </span>
     <span class='ocr_line' id='line_1_3' title="bbox 494 848 1611 938; baseline -0.001 -19"><span class='ocrx_word' id='word_1_8' title='bbox 494 853 700 938; x_wconf 85' lang='lat' dir='ltr'><strong>dialogum)</strong></span> <span class='ocrx_word' id='word_1_9' title='bbox 720 870 854 935; x_wconf 84' lang='lat' dir='ltr'><strong>magnae</strong></span> <span class='ocrx_word' id='word_1_10' title='bbox 876 849 966 914; x_wconf 90' lang='lat' dir='ltr'><strong>mihi</strong></span> <span class='ocrx_word' id='word_1_11' title='bbox 985 848 1170 913; x_wconf 86' lang='lat' dir='ltr'><strong>formidini</strong></span> <span class='ocrx_word' id='word_1_12' title='bbox 1195 858 1286 917; x_wconf 83' lang='lat' dir='ltr'><strong>sunt.</strong></span> <span class='ocrx_word' id='word_1_13' title='bbox 1322 857 1447 935; x_wconf 86' lang='lat' dir='ltr'><strong>-Itaque</strong></span> <span class='ocrx_word' id='word_1_14' title='bbox 1468 853 1500 917; x_wconf 91' lang='lat' dir='ltr'><strong>si</strong></span> <span class='ocrx_word' id='word_1_15' title='bbox 1522 855 1611 936; x_wconf 90' lang='lat' dir='ltr'><strong>quid</strong></span> 
     </span>
     <span class='ocr_line' id='line_1_4' title="bbox 493 979 1610 1069; baseline 0 -21"><span class='ocrx_word' id='word_1_16' title='bbox 493 982 700 1060; x_wconf 76' lang='lat' dir='ltr'><strong>erraverim,</strong></span> <span class='ocrx_word' id='word_1_17' title='bbox 719 980 811 1045; x_wconf 89' lang='lat' dir='ltr'><strong>inire</strong></span> <span class='ocrx_word' id='word_1_18' title='bbox 832 979 1071 1064; x_wconf 77' lang='lat' dir='ltr'><strong>poenitentiam</strong></span> <span class='ocrx_word' id='word_1_19' title='bbox 1092 1001 1165 1045; x_wconf 91' lang='lat' dir='ltr'><strong>non</strong></span> <span class='ocrx_word' id='word_1_20' title='bbox 1186 1001 1324 1063; x_wconf 88' lang='lat' dir='ltr'><strong>recuso;</strong></span> <span class='ocrx_word' id='word_1_21' title='bbox 1344 983 1465 1066; x_wconf 84' lang='lat' dir='ltr'><strong>praelia</strong></span> <span class='ocrx_word' id='word_1_22' title='bbox 1486 987 1610 1069; x_wconf 89' lang='lat' dir='ltr'><strong>depre-</strong></span> 
     </span>
     <span class='ocr_line' id='line_1_5' title="bbox 494 1111 1635 1196; baseline 0 -16"><span class='ocrx_word' id='word_1_23' title='bbox 494 1135 577 1180; x_wconf 88' lang='lat' dir='ltr'><strong>cor:</strong></span> <span class='ocrx_word' id='word_1_24' title='bbox 605 1111 796 1179; x_wconf 88' lang='lat' dir='ltr'><strong>obnoxium</strong></span> <span class='ocrx_word' id='word_1_25' title='bbox 822 1131 877 1174; x_wconf 91' lang='lat' dir='ltr'><strong>me</strong></span> <span class='ocrx_word' id='word_1_26' title='bbox 907 1114 1067 1195; x_wconf 81' lang='lat' dir='ltr'><strong>praebe03</strong></span> <span class='ocrx_word' id='word_1_27' title='bbox 1093 1121 1127 1175; x_wconf 87' lang='lat' dir='ltr'><strong>et</strong></span> <span class='ocrx_word' id='word_1_28' title='bbox 1154 1133 1295 1196; x_wconf 89' lang='lat' dir='ltr'><strong>pacem,</strong></span> <span class='ocrx_word' id='word_1_29' title='bbox 1321 1123 1382 1176; x_wconf 90' lang='lat' dir='ltr'><strong>aut</strong></span> <span class='ocrx_word' id='word_1_30' title='bbox 1408 1116 1529 1180; x_wconf 88' lang='lat' dir='ltr'><strong>saltem</strong></span> <span class='ocrx_word' id='word_1_31' title='bbox 1551 1115 1635 1180; x_wconf 48' lang='lat' dir='ltr'><strong>inm</strong></span> 
     </span>
    </p>
   </div>
   <div class='ocr_carea' id='block_1_3' title="bbox 495 1242 1431 1514">
    <p class='ocr_par' dir='ltr' id='par_1_3' title="bbox 495 1242 1431 1514">
     <span class='ocr_line' id='line_1_6' title="bbox 495 1242 1173 1329; baseline 0.003 -22"><span class='ocrx_word' id='word_1_32' title='bbox 495 1244 633 1326; x_wconf 86' lang='lat' dir='ltr'><strong>ducias,</strong></span> <span class='ocrx_word' id='word_1_33' title='bbox 654 1242 780 1308; x_wconf 86' lang='lat' dir='ltr'><strong>oblatis</strong></span> <span class='ocrx_word' id='word_1_34' title='bbox 800 1242 1043 1329; x_wconf 85' lang='lat' dir='ltr'><strong>vectigalibus,</strong></span> <span class='ocrx_word' id='word_1_35' title='bbox 1066 1242 1173 1328; x_wconf 87' lang='lat' dir='ltr'><strong>opto:</strong></span> 
     </span>
     <span class='ocr_line' id='line_1_7' title="bbox 671 1438 1431 1514; baseline -0.001 -19"><span class='ocrx_word' id='word_1_36' title='bbox 671 1441 740 1495; x_wconf 84' lang='lat' dir='ltr'><strong>Pars</strong></span> <span class='ocrx_word' id='word_1_37' title='bbox 758 1439 827 1494; x_wconf 82' lang='lat' dir='ltr'><strong>mihi</strong></span> <span class='ocrx_word' id='word_1_38' title='bbox 843 1444 919 1514; x_wconf 81' lang='lat' dir='ltr'><strong>pacis</strong></span> <span class='ocrx_word' id='word_1_39' title='bbox 938 1444 992 1496; x_wconf 84' lang='lat' dir='ltr'><strong>erit</strong></span> <span class='ocrx_word' id='word_1_40' title='bbox 1010 1438 1133 1496; x_wconf 79' lang='lat' dir='ltr'><strong>dextram</strong></span> <span class='ocrx_word' id='word_1_41' title='bbox 1151 1442 1276 1511; x_wconf 77' lang='lat' dir='ltr'><strong>tetigisse</strong></span> <span class='ocrx_word' id='word_1_42' title='bbox 1295 1443 1431 1512; x_wconf 82' lang='lat' dir='ltr'><strong>tyrannis.</strong></span> 
     </span>
    </p>
   </div>
   <div class='ocr_carea' id='block_1_4' title="bbox 493 1623 1639 2618">
    <p class='ocr_par' dir='ltr' id='par_1_4' title="bbox 493 1623 1639 2618">
     <span class='ocr_line' id='line_1_8' title="bbox 495 1623 1611 1710; baseline 0.003 -21"><span class='ocrx_word' id='word_1_43' title='bbox 495 1628 602 1710; x_wconf 77' lang='lat' dir='ltr'><strong>Quod</strong></span> <span class='ocrx_word' id='word_1_44' title='bbox 628 1624 661 1690; x_wconf 91' lang='lat' dir='ltr'><strong>si</strong></span> <span class='ocrx_word' id='word_1_45' title='bbox 683 1624 740 1690; x_wconf 95' lang='lat' dir='ltr'><strong>illi</strong></span> <span class='ocrx_word' id='word_1_46' title='bbox 762 1624 861 1710; x_wconf 87' lang='lat' dir='ltr'><strong>paci,</strong></span> <span class='ocrx_word' id='word_1_47' title='bbox 885 1627 940 1690; x_wconf 85' lang='lat' dir='ltr'><strong>vel</strong></span> <span class='ocrx_word' id='word_1_48' title='bbox 965 1624 1144 1709; x_wconf 79' lang='lat' dir='ltr'><strong>gloriosa,</strong></span> <span class='ocrx_word' id='word_1_49' title='bbox 1164 1624 1381 1709; x_wconf 88' lang='lat' dir='ltr'><strong>turpissimas</strong></span> <span class='ocrx_word' id='word_1_50' title='bbox 1404 1623 1495 1690; x_wconf 80' lang='lat' dir='ltr'><strong>rixas</strong></span> <span class='ocrx_word' id='word_1_51' title='bbox 1518 1646 1611 1710; x_wconf 75' lang='lat' dir='ltr'><strong>pra-</strong></span> 
     </span>
     <span class='ocr_line' id='line_1_9' title="bbox 495 1754 1611 1842; baseline 0.004 -23"><span class='ocrx_word' id='word_1_52' title='bbox 495 1754 655 1836; x_wconf 84' lang='lat' dir='ltr'><strong>tulerint3</strong></span> <span class='ocrx_word' id='word_1_53' title='bbox 676 1776 740 1842; x_wconf 86' lang='lat' dir='ltr'><strong>ego</strong></span> <span class='ocrx_word' id='word_1_54' title='bbox 759 1757 878 1821; x_wconf 89' lang='lat' dir='ltr'><strong>malim</strong></span> <span class='ocrx_word' id='word_1_55' title='bbox 896 1766 1012 1821; x_wconf 89' lang='lat' dir='ltr'><strong>mutus</strong></span> <span class='ocrx_word' id='word_1_56' title='bbox 1035 1756 1278 1840; x_wconf 86' lang='lat' dir='ltr'><strong>condemnari,</strong></span> <span class='ocrx_word' id='word_1_57' title='bbox 1297 1777 1402 1838; x_wconf 86' lang='lat' dir='ltr'><strong>quam</strong></span> <span class='ocrx_word' id='word_1_58' title='bbox 1418 1757 1611 1838; x_wconf 75' lang='lat' dir='ltr'><strong>loquaciter</strong></span> 
     </span>
     <span class='ocr_line' id='line_1_10' title="bbox 493 1885 1609 1973; baseline 0 -23"><span class='ocrx_word' id='word_1_59' title='bbox 493 1885 719 1970; x_wconf 71' lang='lat' dir='ltr'><strong>triumphare.</strong></span> <span class='ocrx_word' id='word_1_60' title='bbox 762 1887 986 1973; x_wconf 83' lang='lat' dir='ltr'><strong>Chrysippus</strong></span> <span class='ocrx_word' id='word_1_61' title='bbox 998 1887 1077 1970; x_wconf 87' lang='lat' dir='ltr'><strong>ille,</strong></span> <span class='ocrx_word' id='word_1_62' title='bbox 1099 1908 1203 1969; x_wconf 86' lang='lat' dir='ltr'><strong>quem</strong></span> <span class='ocrx_word' id='word_1_63' title='bbox 1225 1886 1343 1951; x_wconf 88' lang='lat' dir='ltr'><strong>Cicero</strong></span> <span class='ocrx_word' id='word_1_64' title='bbox 1360 1886 1609 1964; x_wconf 78' lang='lat' dir='ltr'><strong>veterrimum,</strong></span> 
     </span>
     <span class='ocr_line' id='line_1_11' title="bbox 493 2010 1611 2101; baseline 0 -21"><span class='ocrx_word' id='word_1_65' title='bbox 493 2015 785 2099; x_wconf 81' lang='lat' dir='ltr'><strong>versutissimum,</strong></span> <span class='ocrx_word' id='word_1_66' title='bbox 813 2010 1076 2082; x_wconf 89' lang='lat' dir='ltr'><strong>callidissimum</strong></span> <span class='ocrx_word' id='word_1_67' title='bbox 1097 2016 1307 2098; x_wconf 86' lang='lat' dir='ltr'><strong>Stoicorum,</strong></span> <span class='ocrx_word' id='word_1_68' title='bbox 1334 2018 1505 2101; x_wconf 87' lang='lat' dir='ltr'><strong>appellat,</strong></span> <span class='ocrx_word' id='word_1_69' title='bbox 1530 2039 1611 2081; x_wconf 90' lang='lat' dir='ltr'><strong>cum</strong></span> 
     </span>
     <span class='ocr_line' id='line_1_12' title="bbox 494 2144 1612 2232; baseline -0.001 -23"><span class='ocrx_word' id='word_1_70' title='bbox 494 2144 656 2226; x_wconf 86' lang='lat' dir='ltr'><strong>nequiret</strong></span> <span class='ocrx_word' id='word_1_71' title='bbox 680 2145 840 2228; x_wconf 84' lang='lat' dir='ltr'><strong>frangere</strong></span> <span class='ocrx_word' id='word_1_72' title='bbox 866 2147 1035 2232; x_wconf 86' lang='lat' dir='ltr'><strong>captiosos</strong></span> <span class='ocrx_word' id='word_1_73' title='bbox 1060 2147 1243 2210; x_wconf 81' lang='lat' dir='ltr'><strong>academiae</strong></span> <span class='ocrx_word' id='word_1_74' title='bbox 1267 2145 1406 2227; x_wconf 89' lang='lat' dir='ltr'><strong>soritas,</strong></span> <span class='ocrx_word' id='word_1_75' title='bbox 1435 2145 1534 2208; x_wconf 88' lang='lat' dir='ltr'><strong>aliud</strong></span> <span class='ocrx_word' id='word_1_76' title='bbox 1557 2166 1612 2209; x_wconf 86' lang='lat' dir='ltr'><strong>ar·</strong></span> 
     </span>
     <span class='ocr_line' id='line_1_13' title="bbox 495 2275 1613 2363; baseline 0.003 -26"><span class='ocrx_word' id='word_1_77' title='bbox 495 2284 699 2360; x_wconf 82' lang='lat' dir='ltr'><strong>gumentum</strong></span> <span class='ocrx_word' id='word_1_78' title='bbox 743 2275 961 2339; x_wconf 89' lang='lat' dir='ltr'><strong>dialecticum</strong></span> <span class='ocrx_word' id='word_1_79' title='bbox 997 2275 1203 2363; x_wconf 85' lang='lat' dir='ltr'><strong>excogitavit</strong></span> <span class='ocrx_word' id='word_1_80' title='bbox 1227 2280 1338 2358; x_wconf 62' lang='lat' dir='ltr'><strong>,quod</strong></span> <span class='ocrx_word' id='word_1_81' title='bbox 1378 2279 1522 2340; x_wconf 85' lang='lat' dir='ltr'><strong>vocabat</strong></span> <span class='ocrx_word' id='word_1_82' title='bbox 1562 2279 1613 2340; x_wconf 75' lang='lat' dir='ltr'><strong>riv</strong></span> 
     </span>
     <span class='ocr_line' id='line_1_14' title="bbox 495 2376 1639 2490; baseline 0.003 -23"><span class='ocrx_word' id='word_1_83' title='bbox 495 2404 683 2486; x_wconf 64' lang='grc' dir='ltr'><strong>ἡσυχάζοντα</strong></span> <span class='ocrx_word' id='word_1_84' title='bbox 709 2406 831 2484; x_wconf 54' lang='grc' dir='ltr'>λόγου</span> <span class='ocrx_word' id='word_1_85' title='bbox 857 2404 1042 2487; x_wconf 86' lang='lat' dir='ltr'><strong>videlicet,</strong></span> <span class='ocrx_word' id='word_1_86' title='bbox 1073 2409 1156 2469; x_wconf 91' lang='lat' dir='ltr'><strong>dum</strong></span> <span class='ocrx_word' id='word_1_87' title='bbox 1187 2405 1251 2470; x_wconf 90' lang='lat' dir='ltr'><strong>alii</strong></span> <span class='ocrx_word' id='word_1_88' title='bbox 1277 2406 1392 2470; x_wconf 85' lang='lat' dir='ltr'><strong>verbis</strong></span> <span class='ocrx_word' id='word_1_89' title='bbox 1427 2406 1610 2490; x_wconf 87' lang='lat' dir='ltr'><strong>insistunt,</strong></span> <span class='ocrx_word' id='word_1_90' title='bbox 1636 2376 1639 2381; x_wconf 21' lang='grc' dir='ltr'>Ι</span> 
     </span>
     <span class='ocr_line' id='line_1_15' title="bbox 498 2532 747 2618; baseline -0.008 -22"><span class='ocrx_word' id='word_1_91' title='bbox 498 2532 747 2618; x_wconf 80' lang='lat' dir='ltr'><strong>quiescendum.</strong></span> 
     </span>
    </p>
   </div>
   <div class='ocr_carea' id='block_1_5' title="bbox 577 2662 1611 2750">
    <p class='ocr_par' dir='ltr' id='par_1_5' title="bbox 577 2662 1611 2750">
     <span class='ocr_line' id='line_1_16' title="bbox 577 2662 1611 2750; baseline 0.004 -23"><span class='ocrx_word' id='word_1_92' title='bbox 577 2668 708 2739; x_wconf 73' lang='lat' dir='ltr'><strong>Nnous</strong></span> <span class='ocrx_word' id='word_1_93' title='bbox 737 2684 802 2750; x_wconf 85' lang='lat' dir='ltr'><strong>ego</strong></span> <span class='ocrx_word' id='word_1_94' title='bbox 833 2662 1051 2728; x_wconf 84' lang='lat' dir='ltr'><strong>intercedam·</strong></span> <span class='ocrx_word' id='word_1_95' title='bbox 1072 2684 1137 2748; x_wconf 91' lang='lat' dir='ltr'><strong>pro</strong></span> <span class='ocrx_word' id='word_1_96' title='bbox 1166 2663 1345 2749; x_wconf 85' lang='lat' dir='ltr'><strong>Didymo,</strong></span> <span class='ocrx_word' id='word_1_97' title='bbox 1373 2685 1477 2746; x_wconf 85' lang='lat' dir='ltr'><strong>quem</strong></span> <span class='ocrx_word' id='word_1_98' title='bbox 1508 2675 1611 2732; x_wconf 79' lang='lat' dir='ltr'><strong>tantae</strong></span> 
     </span>
    </p>
   </div>
   <div class='ocr_carea' id='block_1_6' title="bbox 441 2793 1617 4317">
    <p class='ocr_par' dir='ltr' id='par_1_6' title="bbox 441 2793 1617 4184">
     <span class='ocr_line' id='line_1_17' title="bbox 495 2793 1612 2877; baseline 0.002 -18"><span class='ocrx_word' id='word_1_99' title='bbox 495 2794 674 2859; x_wconf 86' lang='lat' dir='ltr'><strong>suavitatis</strong></span> <span class='ocrx_word' id='word_1_100' title='bbox 703 2794 885 2858; x_wconf 90' lang='lat' dir='ltr'><strong>hominem</strong></span> <span class='ocrx_word' id='word_1_101' title='bbox 911 2793 1013 2876; x_wconf 84' lang='lat' dir='ltr'><strong>riori,</strong></span> <span class='ocrx_word' id='word_1_102' title='bbox 1045 2803 1152 2857; x_wconf 91' lang='lat' dir='ltr'><strong>utne</strong></span> <span class='ocrx_word' id='word_1_103' title='bbox 1177 2793 1334 2857; x_wconf 80' lang='lat' dir='ltr'><strong>hostibus</strong></span> <span class='ocrx_word' id='word_1_104' title='bbox 1367 2795 1507 2877; x_wconf 90' lang='lat' dir='ltr'><strong>quidem</strong></span> <span class='ocrx_word' id='word_1_105' title='bbox 1537 2798 1612 2862; x_wconf 89' lang='lat' dir='ltr'><strong>suis</strong></span> 
     </span>
     <span class='ocr_line' id='line_1_18' title="bbox 441 2924 1617 3012; baseline 0.001 -22"><span class='ocrx_word' id='word_1_106' title='bbox 441 2924 443 2933; x_wconf 86' lang='lat'>&#39;</span> <span class='ocrx_word' id='word_1_107' title='bbox 496 2925 624 3012; x_wconf 86' lang='lat' dir='ltr'><strong>gaudia</strong></span> <span class='ocrx_word' id='word_1_108' title='bbox 644 2925 776 3008; x_wconf 74' lang='lat' dir='ltr'><strong>iniquae</strong></span> <span class='ocrx_word' id='word_1_109' title='bbox 797 2925 941 2990; x_wconf 90' lang='lat' dir='ltr'><strong>ultionis</strong></span> <span class='ocrx_word' id='word_1_110' title='bbox 963 2925 1118 2990; x_wconf 84' lang='lat' dir='ltr'><strong>inrideat</strong></span> <span class='ocrx_word' id='word_1_111' title='bbox 1135 2949 1144 2988; x_wconf 72' lang='grc' dir='ltr'><strong>ε</strong></span> <span class='ocrx_word' id='word_1_112' title='bbox 1163 2935 1328 3008; x_wconf 78' lang='lat' dir='ltr'><strong>praterea</strong></span> <span class='ocrx_word' id='word_1_113' title='bbox 1349 2947 1467 2992; x_wconf 89' lang='lat' dir='ltr'><strong>rerum</strong></span> <span class='ocrx_word' id='word_1_114' title='bbox 1488 2929 1617 2991; x_wconf 89' lang='lat' dir='ltr'><strong>huma--</strong></span> 
     </span>
     <span class='ocr_line' id='line_1_19' title="bbox 495 3056 1609 3146; baseline 0.001 -24"><span class='ocrx_word' id='word_1_115' title='bbox 495 3078 621 3146; x_wconf 88' lang='lat' dir='ltr'><strong>narum</strong></span> <span class='ocrx_word' id='word_1_116' title='bbox 642 3059 727 3121; x_wconf 89' lang='lat' dir='ltr'><strong>adeo</strong></span> <span class='ocrx_word' id='word_1_117' title='bbox 749 3057 981 3140; x_wconf 90' lang='lat' dir='ltr'><strong>incuriosum,</strong></span> <span class='ocrx_word' id='word_1_118' title='bbox 1002 3067 1041 3121; x_wconf 93' lang='lat' dir='ltr'><strong>ut</strong></span> <span class='ocrx_word' id='word_1_119' title='bbox 1062 3056 1298 3139; x_wconf 84' lang='lat' dir='ltr'><strong>nesciretque</strong></span> <span class='ocrx_word' id='word_1_120' title='bbox 1319 3065 1532 3142; x_wconf 74' lang='lat' dir='ltr'><strong>tempestate,</strong></span> <span class='ocrx_word' id='word_1_121' title='bbox 1553 3060 1609 3123; x_wconf 82' lang='lat' dir='ltr'><strong>vel</strong></span> 
     </span>
     <span class='ocr_line' id='line_1_20' title="bbox 496 3187 1611 3272; baseline 0.002 -21"><span class='ocrx_word' id='word_1_122' title='bbox 496 3191 708 3271; x_wconf 77' lang='lat' dir='ltr'><strong>quadem,</strong></span> <span class='ocrx_word' id='word_1_123' title='bbox 734 3191 789 3253; x_wconf 82' lang='lat' dir='ltr'><strong>vel</strong></span> <span class='ocrx_word' id='word_1_124' title='bbox 814 3210 963 3271; x_wconf 89' lang='lat' dir='ltr'><strong>quorum</strong></span> <span class='ocrx_word' id='word_1_125' title='bbox 988 3189 1199 3272; x_wconf 86' lang='lat' dir='ltr'><strong>populorum</strong></span> <span class='ocrx_word' id='word_1_126' title='bbox 1230 3187 1353 3269; x_wconf 89' lang='lat' dir='ltr'><strong>armis,</strong></span> <span class='ocrx_word' id='word_1_127' title='bbox 1382 3191 1475 3252; x_wconf 87' lang='lat' dir='ltr'><strong>bella</strong></span> <span class='ocrx_word' id='word_1_128' title='bbox 1501 3189 1611 3254; x_wconf 85' lang='lat' dir='ltr'><strong>aetatis</strong></span> 
     </span>
     <span class='ocr_line' id='line_1_21' title="bbox 495 3321 1610 3406; baseline 0.004 -25"><span class='ocrx_word' id='word_1_129' title='bbox 495 3329 621 3384; x_wconf 82' lang='lat' dir='ltr'><strong>nostrae</strong></span> <span class='ocrx_word' id='word_1_130' title='bbox 640 3330 805 3404; x_wconf 86' lang='lat' dir='ltr'><strong>perpetua</strong></span> <span class='ocrx_word' id='word_1_131' title='bbox 825 3327 1025 3406; x_wconf 86' lang='lat' dir='ltr'><strong>agerentur;</strong></span> <span class='ocrx_word' id='word_1_132' title='bbox 1045 3338 1158 3400; x_wconf 85' lang='lat' dir='ltr'><strong>neque</strong></span> <span class='ocrx_word' id='word_1_133' title='bbox 1176 3322 1311 3404; x_wconf 87' lang='lat' dir='ltr'><strong>Regum</strong></span> <span class='ocrx_word' id='word_1_134' title='bbox 1330 3321 1474 3384; x_wconf 90' lang='lat' dir='ltr'><strong>nornina</strong></span> <span class='ocrx_word' id='word_1_135' title='bbox 1493 3342 1610 3385; x_wconf 89' lang='lat' dir='ltr'><strong>nosce-</strong></span> 
     </span>
     <span class='ocr_line' id='line_1_22' title="bbox 495 3425 1609 3535; baseline 0.002 -23"><span class='ocrx_word' id='word_1_136' title='bbox 495 3458 567 3529; x_wconf 80' lang='lat' dir='ltr'><strong>ret3</strong></span> <span class='ocrx_word' id='word_1_137' title='bbox 593 3471 706 3532; x_wconf 90' lang='lat' dir='ltr'><strong>neque</strong></span> <span class='ocrx_word' id='word_1_138' title='bbox 727 3449 825 3528; x_wconf 89' lang='lat' dir='ltr'><strong>cujus</strong></span> <span class='ocrx_word' id='word_1_139' title='bbox 846 3452 912 3513; x_wconf 91' lang='lat' dir='ltr'><strong>sub</strong></span> <span class='ocrx_word' id='word_1_140' title='bbox 935 3425 1069 3513; x_wconf 87' lang='lat' dir='ltr'><strong>ditione</strong></span> <span class='ocrx_word' id='word_1_141' title='bbox 1089 3449 1278 3532; x_wconf 79' lang='lat' dir='ltr'><strong>provincia·</strong></span> <span class='ocrx_word' id='word_1_142' title='bbox 1296 3455 1461 3535; x_wconf 82' lang='lat' dir='ltr'><strong>Europeae</strong></span> <span class='ocrx_word' id='word_1_143' title='bbox 1482 3446 1609 3514; x_wconf 88' lang='lat' dir='ltr'><strong>essent:</strong></span> 
     </span>
     <span class='ocr_line' id='line_1_23' title="bbox 496 3579 1608 3666; baseline 0.004 -24"><span class='ocrx_word' id='word_1_144' title='bbox 496 3600 610 3661; x_wconf 90' lang='lat' dir='ltr'><strong>neque</strong></span> <span class='ocrx_word' id='word_1_145' title='bbox 637 3579 821 3664; x_wconf 82' lang='lat' dir='ltr'><strong>horologio</strong></span> <span class='ocrx_word' id='word_1_146' title='bbox 851 3590 911 3643; x_wconf 85' lang='lat' dir='ltr'><strong>aut</strong></span> <span class='ocrx_word' id='word_1_147' title='bbox 932 3579 1136 3642; x_wconf 83' lang='lat' dir='ltr'><strong>kalendario</strong></span> <span class='ocrx_word' id='word_1_148' title='bbox 1168 3589 1346 3644; x_wconf 84' lang='lat' dir='ltr'><strong>uteretur:</strong></span> <span class='ocrx_word' id='word_1_149' title='bbox 1373 3584 1494 3662; x_wconf 88' lang='lat' dir='ltr'><strong>horas,</strong></span> <span class='ocrx_word' id='word_1_150' title='bbox 1516 3582 1608 3666; x_wconf 82' lang='lat' dir='ltr'><strong>dies,</strong></span> 
     </span>
     <span class='ocr_line' id='line_1_24' title="bbox 496 3685 1609 3793; baseline 0.002 -20"><span class='ocrx_word' id='word_1_151' title='bbox 496 3730 647 3792; x_wconf 86' lang='lat' dir='ltr'><strong>menses,</strong></span> <span class='ocrx_word' id='word_1_152' title='bbox 667 3685 787 3775; x_wconf 88' lang='lat' dir='ltr'><strong>saeculi</strong></span> <span class='ocrx_word' id='word_1_153' title='bbox 809 3729 919 3772; x_wconf 90' lang='lat' dir='ltr'><strong>annos</strong></span> <span class='ocrx_word' id='word_1_154' title='bbox 943 3730 1016 3774; x_wconf 90' lang='lat' dir='ltr'><strong>non</strong></span> <span class='ocrx_word' id='word_1_155' title='bbox 1039 3711 1252 3773; x_wconf 88' lang='lat' dir='ltr'><strong>numerabat.</strong></span> <span class='ocrx_word' id='word_1_156' title='bbox 1293 3711 1442 3777; x_wconf 87' lang='lat' dir='ltr'><strong>Videant</strong></span> <span class='ocrx_word' id='word_1_157' title='bbox 1468 3731 1609 3793; x_wconf 88' lang='lat' dir='ltr'><strong>quoque</strong></span> 
     </span>
     <span class='ocr_line' id='line_1_25' title="bbox 495 3838 1608 3920; baseline 0.001 -17"><span class='ocrx_word' id='word_1_158' title='bbox 495 3838 566 3904; x_wconf 80' lang='lat' dir='ltr'><strong>riri</strong></span> <span class='ocrx_word' id='word_1_159' title='bbox 585 3840 733 3920; x_wconf 88' lang='lat' dir='ltr'><strong>eruditi,</strong></span> <span class='ocrx_word' id='word_1_160' title='bbox 764 3861 808 3903; x_wconf 92' lang='lat' dir='ltr'><strong>ne</strong></span> <span class='ocrx_word' id='word_1_161' title='bbox 829 3838 1028 3903; x_wconf 83' lang='lat' dir='ltr'><strong>defunctum</strong></span> <span class='ocrx_word' id='word_1_162' title='bbox 1056 3840 1236 3903; x_wconf 88' lang='lat' dir='ltr'><strong>hominem</strong></span> <span class='ocrx_word' id='word_1_163' title='bbox 1267 3840 1498 3904; x_wconf 86' lang='lat' dir='ltr'><strong>adoriantur:</strong></span> <span class='ocrx_word' id='word_1_164' title='bbox 1526 3862 1608 3904; x_wconf 90' lang='lat' dir='ltr'><strong>nam</strong></span> 
     </span>
     <span class='ocr_line' id='line_1_26' title="bbox 495 3969 1607 4061; baseline 0 -28"><span class='ocrx_word' id='word_1_165' title='bbox 495 3979 573 4054; x_wconf 89' lang='lat' dir='ltr'><strong>post</strong></span> <span class='ocrx_word' id='word_1_166' title='bbox 596 3970 725 4035; x_wconf 87' lang='lat' dir='ltr'><strong>litteras</strong></span> <span class='ocrx_word' id='word_1_167' title='bbox 750 3970 827 4061; x_wconf 88' lang='lat' dir='ltr'><strong>illas</strong></span> <span class='ocrx_word' id='word_1_168' title='bbox 853 3991 938 4053; x_wconf 90' lang='lat' dir='ltr'><strong>quas</strong></span> <span class='ocrx_word' id='word_1_169' title='bbox 962 3974 1007 4035; x_wconf 91' lang='grc' dir='ltr'><strong>Μ.</strong></span> <span class='ocrx_word' id='word_1_170' title='bbox 1028 3972 1060 4035; x_wconf 85' lang='lat' dir='ltr'><strong>J.</strong></span> <span class='ocrx_word' id='word_1_171' title='bbox 1081 3969 1232 4033; x_wconf 86' lang='lat' dir='ltr'><strong>Rainero</strong></span> <span class='ocrx_word' id='word_1_172' title='bbox 1254 3972 1430 4055; x_wconf 88' lang='lat' dir='ltr'><strong>Didymus</strong></span> <span class='ocrx_word' id='word_1_173' title='bbox 1453 3969 1607 4054; x_wconf 86' lang='lat' dir='ltr'><strong>scripsit,</strong></span> 
     </span>
     <span class='ocr_line' id='line_1_27' title="bbox 498 4100 1608 4184; baseline 0 -22"><span class='ocrx_word' id='word_1_174' title='bbox 498 4111 656 4164; x_wconf 91' lang='lat' dir='ltr'><strong>mortuus</strong></span> <span class='ocrx_word' id='word_1_175' title='bbox 680 4122 726 4165; x_wconf 90' lang='lat' dir='ltr'><strong>an</strong></span> <span class='ocrx_word' id='word_1_176' title='bbox 749 4100 866 4184; x_wconf 83' lang='lat' dir='ltr'><strong>vivus,</strong></span> <span class='ocrx_word' id='word_1_177' title='bbox 888 4101 1016 4183; x_wconf 87' lang='lat' dir='ltr'><strong>quidve</strong></span> <span class='ocrx_word' id='word_1_178' title='bbox 1041 4121 1082 4164; x_wconf 89' lang='lat' dir='ltr'><strong>eo</strong></span> <span class='ocrx_word' id='word_1_179' title='bbox 1100 4101 1227 4165; x_wconf 85' lang='lat' dir='ltr'><strong>factum</strong></span> <span class='ocrx_word' id='word_1_180' title='bbox 1247 4100 1310 4182; x_wconf 90' lang='lat' dir='ltr'><strong>sit,</strong></span> <span class='ocrx_word' id='word_1_181' title='bbox 1339 4102 1453 4163; x_wconf 88' lang='lat' dir='ltr'><strong>adhue</strong></span> <span class='ocrx_word' id='word_1_182' title='bbox 1478 4120 1608 4181; x_wconf 86' lang='lat' dir='ltr'><strong>quaero.</strong></span> 
     </span>
    </p>

    <p class='ocr_par' dir='ltr' id='par_1_7' title="bbox 579 4230 1607 4317">
     <span class='ocr_line' id='line_1_28' title="bbox 579 4230 1607 4317; baseline -0.002 -22"><span class='ocrx_word' id='word_1_183' title='bbox 579 4236 774 4314; x_wconf 76' lang='lat' dir='ltr'><strong>Grannum,</strong></span> <span class='ocrx_word' id='word_1_184' title='bbox 804 4255 849 4297; x_wconf 90' lang='lat' dir='ltr'><strong>ne</strong></span> <span class='ocrx_word' id='word_1_185' title='bbox 877 4236 979 4317; x_wconf 88' lang='lat' dir='ltr'><strong>plura</strong></span> <span class='ocrx_word' id='word_1_186' title='bbox 1010 4235 1053 4295; x_wconf 89' lang='lat' dir='ltr'><strong>de</strong></span> <span class='ocrx_word' id='word_1_187' title='bbox 1082 4232 1238 4316; x_wconf 88' lang='lat' dir='ltr'><strong>Didymo</strong></span> <span class='ocrx_word' id='word_1_188' title='bbox 1285 4252 1327 4294; x_wconf 84' lang='lat' dir='ltr'><strong>ex</strong></span> <span class='ocrx_word' id='word_1_189' title='bbox 1367 4251 1422 4294; x_wconf 91' lang='lat' dir='ltr'><strong>me</strong></span> <span class='ocrx_word' id='word_1_190' title='bbox 1455 4230 1607 4311; x_wconf 88' lang='lat' dir='ltr'><strong>sciteris‚</strong></span> 
     </span>
    </p>
   </div>
   <div class='ocr_carea' id='block_1_7' title="bbox 496 4360 1607 4448">
    <p class='ocr_par' dir='ltr' id='par_1_8' title="bbox 496 4360 1607 4448">
     <span class='ocr_line' id='line_1_29' title="bbox 496 4360 1607 4448; baseline 0 -22"><span class='ocrx_word' id='word_1_191' title='bbox 496 4363 646 4448; x_wconf 85' lang='lat' dir='ltr'><strong>reperies</strong></span> <span class='ocrx_word' id='word_1_192' title='bbox 668 4365 714 4427; x_wconf 87' lang='lat' dir='ltr'><strong>ad</strong></span> <span class='ocrx_word' id='word_1_193' title='bbox 738 4365 863 4429; x_wconf 87' lang='lat' dir='ltr'><strong>calcem</strong></span> <span class='ocrx_word' id='word_1_194' title='bbox 887 4363 1001 4427; x_wconf 89' lang='lat' dir='ltr'><strong>libelli</strong></span> <span class='ocrx_word' id='word_1_195' title='bbox 1028 4363 1349 4427; x_wconf 87' lang='lat' dir='ltr'><strong>commentariolum</strong></span> <span class='ocrx_word' id='word_1_196' title='bbox 1378 4360 1607 4444; x_wconf 77' lang='lat' dir='ltr'><strong>olimItalice</strong></span> 
     </span>
    </p>
   </div>
   <div class='ocr_carea' id='block_1_8' title="bbox 0 0 1787 5364">
    <p class='ocr_par' dir='ltr' id='par_1_9' title="bbox 0 0 1787 5364">
     <span class='ocr_line' id='line_1_30' title="bbox 0 0 1787 5364; baseline 0 0"><span class='ocrx_word' id='word_1_197' title='bbox 0 0 1787 5364; x_wconf 95' lang='lat' dir='ltr'><strong> </strong></span> 
     </span>
    </p>
   </div>
  </div>
 </body>
</html>
