3562 5364
423 906 650 987 CAPUT
690 908 1027 989 DECIMUM
1067 909 1346 987 SEXTUM

384 1185 415 1234 1.
440 1159 680 1235 Saruuruna
704 1158 959 1236 Hieromomi.

379 1335 414 1384 a.
439 1310 492 1384 Et
514 1311 636 1386 factus
662 1323 717 1387 est
737 1323 845 1387 terrae
864 1323 991 1386 motus
1015 1306 1171 1412 majora
1185 1321 1223 1385 et
1246 1308 1358 1383 scissa
1383 1321 1439 1383 est

331 1471 430 1536 terra
462 1489 592 1536 rursus
604 1489 616 1556 3
648 1455 689 1539 ¹et
724 1461 936 1536 similitudo
966 1461 1062 1537 asini
1090 1485 1241 1540 reversa
1265 1460 1307 1535 in
1334 1459 1440 1533 habi·

330 1613 458 1684 taculo
483 1637 565 1686 suo.
1321 1596 1325 1601 ¹

377 1765 414 1838 3.
439 1762 490 1836 Et
512 1765 647 1839 lumen
679 1762 874 1864 sulphuris
908 1761 1056 1838 accensi
1086 1764 1232 1836 alarum
1261 1757 1439 1861 vesperti-

329 1908 480 1984 lionum
505 1913 725 1990 vertebatur
750 1912 792 1988 in
814 1913 986 2007 sumum3
1011 1926 1049 1989 et
1069 1913 1328 2013 multiplicatae
1350 1922 1440 1984 sunt

330 2061 513 2136 tenebrae:
549 2075 587 2139 et
617 2074 755 2141 ventus
788 2062 951 2160 rugiens·
974 2063 1128 2140 arefecit
1157 2061 1328 2160 gramina
1354 2060 1439 2132 Pto·

328 2211 533 2311 motaphii:
561 2224 599 2288 et
617 2215 728 2289 undae
747 2212 916 2288 fluminis
933 2213 1155 2314 equitabant
1171 2237 1239 2312 per
1257 2211 1438 2295 tumulos.

379 2377 413 2448 4.
438 2361 490 2435 Et
510 2376 692 2462 quattuor
712 2364 788 2441 viri
809 2376 847 2439 et
866 2391 1057 2466 pygmaeus
1079 2374 1116 2439 et
1137 2362 1238 2460 gigas
1259 2372 1298 2435 et
1319 2384 1438 2435 eunu⁴

211 2521 212 2524 ’
327 2509 424 2582 chus
446 2522 484 2584 et
504 2499 599 2585 anus
624 2514 839 2588 clamabant
864 2511 1008 2615 ejulatu
1034 2512 1248 2588 teterrimo:
1274 2511 1361 2589 Vae:

379 2658 413 2733 5.
438 2659 490 2734 Et
527 2685 618 2735 cum
649 2687 706 2739 vae
744 2662 949 2737 hominum
984 2687 1064 2765 voa
1097 2660 1224 2760 vulpis
1262 2669 1300 2733 et
1336 2659 1436 2755 lupae
1557 2702 1558 2706 =

327 2820 367 2885 et
391 2810 495 2885 canis
520 2811 639 2906 soetae,
674 2824 712 2888 et
735 2774 914 2888 ranarum
941 2821 1226 2886 sexcentarum:
1264 2821 1303 2883 et
1326 2808 1434 2880 bubo

328 2970 368 3034 et
399 2960 494 3034 bufo
529 2972 568 3036 et
596 2974 739 3037 noctua
770 2976 808 3039 et
836 2990 992 3064 upupa,
1025 2958 1183 3057 lugubri
1212 2970 1250 3034 et
1273 2958 1435 3033 funereo

327 3107 524 3206 singultu:
563 3124 603 3188 et
636 3113 956 3214 chersydrorum,
995 3110 1265 3211 chelydrorum
1299 3099 1467 3203 sihila,'
1546 3211 1550 3215 1

323 3254 575 3361 jaculorum,
626 3264 879 3356 cenchrium,
928 3260 1299 3360 amphisbaenarum,
1344 3257 1438 3358 aspi·

327 3410 442 3505 dum,
468 3413 751 3509 basiliscorum,
777 3436 1002 3514 parcarum,
1035 3420 1074 3485 et
1097 3409 1213 3483 totius
1238 3405 1437 3509 progeniei

326 3538 557 3662 viperarum.
654 3616 674 3649 ,.
1093 3517 1103 3547 l

376 3709 411 3787 6.
437 3711 626 3788 Homines
643 3725 771 3788 autem
788 3712 1009 3812 quaerebant
1024 3709 1201 3811 cymbam
1218 3706 1259 3781 in
1281 3722 1436 3804 aggere,

328 3871 367 3935 et
388 3862 591 3949 cursabant
613 3864 810 3962 palpantes
832 3860 1023 3936 tenebras:
1050 3858 1186 3959 cymba
1207 3856 1300 3935 verb
1320 3856 1437 3930 nabat

325 4034 396 4110 per
417 4037 548 4110 aequor
569 4012 812 4114 Tyrrhenum
836 4011 974 4111 procul
998 4007 1046 4081 ab
1072 4030 1217 4105 aggere.

378 4186 412 4259 7.
437 4161 488 4234 Et
503 4186 591 4237 ecce
607 4161 708 4259 legio
727 4168 931 4238 corvorum
949 4181 1063 4256 super
1081 4181 1220 4255 corpus
1236 4152 1439 4272 Hieromo-

327 4308 403 4384 mi:
423 4323 461 4386 ct
479 4310 610 4385 omnia
626 4310 775 4412 reptilia
791 4322 829 4386 et
840 4307 1048 4385 animantia
1061 4304 1260 4382 immunda
1275 4328 1364 4380 cum
1377 4302 1441 4381 eis.
