3562 5364
1258 557 1277 620 ὅ

209 739 246 814 3.
271 733 355 831 Ego
372 741 484 809 natus
501 729 549 805 ad
567 732 708 810 collem
726 730 1003 834 cyparissorum
1014 733 1181 832 ‚loquar
1199 759 1277 821 om-

158 885 224 964 nia
246 911 330 986 quae
350 883 435 961 vidi·
457 883 498 959 in
520 881 669 958 visione
698 894 737 957 et
761 909 844 982 quae
866 882 997 959 audivi
1019 883 1060 957 in
1084 884 1275 986 praesepia.

209 1055 244 1126 4.
273 1034 354 1138 Qui
376 1033 503 1126 audit,
521 1031 713 1130 inquirat:
732 1045 770 1108 et
791 1032 860 1133 qui
880 1038 961 1108 non
981 1033 1099 1109 habet
1120 1040 1275 1131 oculos,

158 1186 330 1289 quiescat
355 1183 397 1258 in
422 1183 540 1258 verba
561 1207 659 1258 mea.
757 1193 759 1200 '

209 1336 243 1411 5.
269 1336 321 1409 Et
352 1361 441 1410 cum
471 1332 754 1408 discumberem
789 1333 920 1406 subter
949 1329 1088 1430 ficum,
1122 1334 1274 1410 inhians

156 1484 268 1562 labiis
298 1485 412 1578 meis,
439 1483 471 1558 si
495 1485 594 1560 sorte
618 1495 757 1559 ventus
784 1482 860 1582 qui·
877 1484 1041 1581 agitabat
1066 1483 1184 1560 ficum
1211 1458 1273 1562 ‹le-

157 1635 325 1711 mitteret
340 1635 487 1709 sructus
504 1634 546 1710 in
564 1660 605 1708 os
623 1659 773 1710 meum:
794 1632 989 1709 silentium
1007 1635 1110 1710 stetit
1128 1636 1274 1711 circum

157 1786 325 1860 animam
353 1810 500 1880 meam,
527 1798 567 1862 et
597 1787 702 1859 calor
731 1787 924 1860 laxaverat
951 1785 1048 1860 mihi
1073 1810 1211 1864 nervos
1235 1799 1275 1864 et

155 1948 277 2012 artus:
306 1937 512 2013 eratenim
532 1937 671 2013 mensis
697 1934 871 2011 ficorum.

207 2083 240 2160 6.
265 2087 317 2160 Et
341 2112 450 2163 aures
479 2113 572 2165 meae
595 2086 827 2164 audiverunt
849 2086 1017 2160 tonitrua
1038 2086 1079 2160 in
1102 2086 1271 2162 somnio:

156 2249 195 2314 et
214 2236 312 2312 ictus
336 2237 443 2338 quasi
467 2238 661 2338 grandinis
688 2236 955 2339 percutiebant
979 2236 1075 2310 mihi
1093 2263 1238 2312 nasum.

205 2413 240 2487 7.
265 2388 351 2486 Ego
373 2402 501 2466 autem
527 2390 808 2490 expergefactus
829 2415 906 2488 prae
928 2387 1062 2461 dolore
1083 2387 1164 2460 nasi
1186 2412 1271 2486 ape-

154 2535 218 2614 rui
243 2541 397 2632 oculos,
434 2551 472 2614 et
501 2551 622 2613 terror
652 2539 792 2614 invasit
824 2539 866 2612 in
900 2564 982 2611 ossa
1015 2560 1126 2610 mea:
1157 2538 1272 2611 arbor

155 2686 262 2763 enim
279 2687 572 2763 concutiebatur
587 2687 708 2766 veluti
728 2713 798 2790 per
817 2689 1047 2787 procellam,
1071 2701 1109 2765 et
1130 2667 1281 2762 coelum³

156 2851 237 2914 erat
259 2838 341 2914 sine
366 2840 546 2939 procella.

205 2989 240 3064 8.
266 2989 318 3062 Et
343 2987 439 3063 ficus
467 2989 682 3066 acerbiores
706 2987 974 3090 percutiebant
996 2987 1092 3063 mihi
1114 3015 1267 3062 nasum:

156 3149 196 3214 et
218 3139 279 3211 lac
305 3163 440 3215 eorum
466 3141 646 3215 manabat
670 3139 834 3215 amarius
863 3140 953 3215 felle
983 3151 1022 3215 et
1047 3138 1268 3240 absynthio:

155 3285 252 3363 ficus
278 3290 657 3398 autemmaturiores
683 3291 902 3390 pendebant
926 3289 1051 3364 ramis.

205 3465 241 3542 9.
269 3438 450 3537 Cogitans
472 3438 637 3536 cogitavi
658 3440 764 3538 quod
786 3438 961 3512 diabolus
984 3437 1131 3512 sederet
1153 3435 1193 3510 in
1215 3463 1272 3510 ar·

154 3587 270 3683 bore,
294 3602 339 3664 ut
357 3589 541 3690 scriptum
559 3603 615 3665 est
635 3615 703 3690 per
723 3601 853 3691 poetas
870 3587 913 3681 in
930 3585 1163 3663 carminibus
1179 3590 1268 3682 gen·

155 3737 254 3812 tium
278 3740 377 3814 etin
398 3740 505 3814 libris
528 3743 897 3841 metamorphoseon.

210 3914 266 3963 10.
290 3890 342 3963 Et
367 3916 456 3964 cum
482 3892 723 3967 surrexissem
744 3891 826 3968 vidi
846 3892 974 3968 virum
991 3888 1176 3991 juvenem
1200 3884 1268 3957 mi-

155 4037 306 4114 litarem
333 4041 422 4114 cuni
449 4041 602 4118 acinace
621 4055 666 4140 'et
694 4043 801 4139 galea
828 4054 866 4116 et
892 4040 1026 4132 crista,
1061 4038 1268 4112 habentem
1330 4020 1332 4025 ⁵

155 4214 275 4264 manu
299 4190 448 4265 sinistra
468 4217 590 4267 cornu
611 4192 820 4269 venatoris:
847 4194 1001 4268 dextera
1025 4200 1154 4264 autem
1181 4211 1271 4260 con·

156 4339 326 4415 cutiebat
351 4353 531 4417 truncum
556 4322 736 4442 magnum
765 4340 872 4418 ficus.

1499 717 1511 749 l
