3562 5364
439 567 623 643 CLAVIS
653 550 1152 644 HYPEROALYPSEOS.

261 1109 411 1148 moruus:
433 1101 478 1148 est
490 1110 613 1167 persona
632 1089 700 1148 ficta
720 1091 844 1148 hominis
858 1092 909 1168 qui
923 1104 1078 1169 postquam
1092 1090 1255 1149 litterarum
1271 1088 1369 1148 studia

220 1219 310 1277 coluit
336 1219 472 1296 virosque
495 1218 597 1277 doctos
620 1219 770 1297 cognovit,
792 1219 1009 1297 multorumque
1028 1219 1179 1278 hominum
1202 1237 1298 1277 mores
1326 1218 1368 1275 in·

221 1347 318 1424 spexit
338 1359 367 1406 et
387 1349 482 1417 urbes,
504 1346 647 1406 intellexit
661 1348 787 1425 denique
801 1360 830 1407 et
851 1369 948 1407 rerum
961 1350 1153 1407 humanarum
1167 1347 1324 1406 vanitatem
1337 1357 1368 1404 et

221 1474 358 1533 itinerum
370 1474 570 1552 librorumque
584 1476 763 1536 inanitatem.
805 1477 853 1536 Ab
864 1498 939 1536 anno
955 1477 1098 1536 tricesimo
1106 1476 1200 1535 noluit
1207 1475 1367 1552 quidquam

111 1624 115 1629 ·
218 1602 343 1681 amplius
367 1604 463 1680 legere
480 1620 531 1663 aut
552 1605 689 1675 scribere,
711 1619 762 1664 aut
780 1626 812 1664 se
831 1606 869 1664 ad
888 1607 1055 1684 quempiam
1069 1604 1222 1684 applicare,
1243 1615 1294 1662 aut
1307 1623 1366 1680 quo

218 1732 285 1791 loco
298 1745 460 1792 moraretur
481 1733 556 1803 sciri,
578 1733 607 1790 in
627 1734 687 1792 otio
709 1728 739 1793 et
758 1735 969 1812 tranquillitate
982 1735 1042 1793 suis
1064 1734 1149 1792 unice
1162 1733 1262 1791 vivens
1281 1731 1369 1791 mori-

217 1862 273 1920 bus
287 1874 317 1920 et
329 1863 523 1940 opinionibus,
545 1863 618 1921 citra
632 1863 756 1921 aliorum
770 1863 975 1923 offensionem:
998 1863 1045 1922 cui
1060 1861 1178 1939 quidem
1192 1880 1365 1939 persuasum

219 2002 304 2061 esset,
326 2011 384 2050 non
399 1991 430 2050 id
448 1993 496 2070 agi
512 1993 543 2050 in
563 1993 715 2053 hominum
735 1995 805 2065 vita,
827 2005 859 2052 ut
879 1995 975 2072 ipsum
991 1992 1170 2051 inveniretur
1182 2009 1292 2060 verum,
1314 1988 1366 2048 sed

220 2133 254 2178 ut
278 2120 414 2198 quaedam
438 2121 610 2181 haberemus
630 2122 812 2200 probabilia;
845 2141 912 2199 quae
933 2122 1015 2200 sequi
1037 2123 1130 2193 facile,
1152 2122 1297 2182 affirmare
1315 2120 1367 2179 vix

217 2268 384 2327 possumus.

257 2398 514 2438 nvnnacnnvnms:
536 2378 590 2438 Est
604 2380 693 2438 satira
706 2379 736 2437 in
749 2381 828 2438 viros
841 2380 944 2439 doctos
955 2379 1059 2450 Italiae,
1074 2379 1125 2456 qui
1138 2390 1168 2437 ct
1182 2376 1364 2456 disciplinam

216 2519 246 2566 et
254 2508 406 2566 veritatem
416 2517 612 2584 cauponantes
625 2506 715 2583 ipsius
726 2508 821 2584 gentis
831 2507 943 2566 litteras
954 2516 1164 2584 corruperunt;
1177 2505 1364 2564 ambitionem

216 2648 304 2714 atque
328 2657 441 2696 errores
465 2634 657 2713 Napoleontis
682 2635 824 2694 aluerunt.
866 2636 902 2694 In
919 2655 954 2695 ea
973 2636 1183 2694 adumbrantur
1199 2631 1365 2694 istiusmodi

216 2765 370 2826 doctorum
382 2786 477 2826 mores
494 2766 673 2841 affectusque
687 2776 788 2842 turpes
804 2775 832 2822 et
845 2764 963 2842 propria
976 2762 1170 2841 quorumdam
1184 2773 1305 2832 natura3
1327 2780 1363 2820 eo

216 2893 346 2963 consilio,
367 2905 400 2952 ut
414 2892 603 2971 intelligatur,
625 2893 805 2952 calamitates
819 2912 917 2952 rerum
931 2893 961 2951 iu
973 2892 1094 2971 Europa
1105 2911 1311 2951 conversarum
1327 2911 1362 2950 ac

215 3022 403 3082 servitudinis
417 3021 513 3081 Italiae
532 3043 570 3081 ex
589 3022 783 3080 litteratorum
802 3021 954 3080 hominum
969 3033 1051 3080 natas
1066 3041 1129 3080 esse
1151 3018 1309 3080 mendaciis
1323 3018 1362 3078 ad

214 3149 420 3229 temporariam
433 3149 637 3227 imperantium
646 3142 804 3209 'utilitatem
817 3149 1018 3229 promulgatis.

595 3403 746 3468 CAPUT
769 3404 970 3469 PRIMUM.

253 3569 307 3629 Vs.
325 3575 352 3629 1.
380 3590 596 3631 ursnououns:
618 3570 735 3631 Nomen
756 3572 948 3651 compositum
961 3592 1000 3630 ex
1014 3574 1088 3650 ἱερὸς
1102 3592 1192 3643 sacer,
1214 3583 1243 3631 et
1257 3573 1357 3649 μῶμος
1414 3584 1418 3597 “

213 3697 264 3775 qui
287 3710 333 3758 est
353 3698 424 3758 deus
449 3700 581 3759 convicii.
623 3699 680 3759 Est
702 3700 859 3760 monachus
882 3701 1001 3778 quidam
1019 3701 1148 3760 Urbanus
1168 3700 1357 3778 Lampados,

210 3827 335 3906 scriptor
362 3829 600 3907 Ephemeridum‚
636 3840 665 3887 et
696 3830 879 3907 paedagogus
900 3831 1063 3890 litterarum
1097 3833 1355 3905 doctrinarumque

211 3956 350 4015 omnium.
393 3955 492 4036 Hujus
504 3958 636 4036 profecto
650 3974 801 4016 sanatura
815 3968 868 4031 est,
881 3969 922 4029 ut,
937 3959 1113 4036 ubicumque
1127 3969 1180 4031 est,
1194 3956 1354 4018 discordias

776 4104 794 4143 B
