3562 5364
323 492 365 557 26

380 701 438 775 17·
462 674 613 749 Interea
645 670 712 745 ille
735 668 908 762 ¹canebat
937 669 1106 746 carmina
1131 697 1222 746 cum
1248 674 1440 750 tumultu:

327 841 366 906 et
391 825 578 902 discordia
602 821 832 924 personabat
856 821 899 896 in
925 822 1074 897 cantico
1099 822 1179 898 lirae
1204 851 1300 900 suaez

381 979 437 1056 18.
474 977 653 1073 Cumque
690 972 845 1050 dixisset
881 999 1063 1068 carmen,
1119 974 1440 1077 circumspectans
1478 1051 1481 1056 .

192 1208 200 1225 .
326 1130 500 1229 undique
528 1126 683 1201 insidias
709 1137 748 1200 et
771 1127 952 1218 aemulos,
987 1126 1245 1226 praetendebat
1271 1131 1441 1227 palmam

328 1283 490 1397 dexterae
527 1304 602 1354 suae
639 1277 689 1352 ad
731 1279 1041 1378 eleemosynam,
1082 1277 1206 1355 veluti
1244 1303 1365 1354 caecus
1397 1279 1441 1356 in

325 1433 519 1511 vestibulo
545 1429 689 1530 templi.

382 1611 438 1686 19.
464 1583 704 1682 Sequebatur
735 1605 800 1656 eos
835 1591 1017 1679 quattuor
1052 1606 1245 1682 pygmaeus
1283 1578 1442 1680 quidam

326 1746 575 1832 anagnostes:
609 1745 649 1807 et
681 1731 786 1806 srons
821 1727 902 1832 ejus
935 1734 1045 1808 velut
1078 1732 1209 1806 tabula
1240 1743 1278 1806 et
1303 1730 1443 1822 caries'3

328 1887 554 1963 vescebatur
575 1883 679 1960 enim
697 1882 808 1958 tineis
822 1882 1034 1976 librorum;
1059 1884 1324 1982 clamabatque
1343 1906 1443 1959 voce
1485 1913 1488 1918 ⁴

329 2063 528 2112 ranarum:
553 2035 756 2110 Miserere:
788 2134 794 2144 Δ

380 2214 440 2263 20.
464 2188 625 2262 Etcum
646 2188 765 2259 homo
786 2197 944 2285 quartus
961 2185 1158 2286 proximus
1176 2185 1232 2279 ei,
1259 2187 1444 2286 plecteret

328 2339 443 2414 illum
462 2339 575 2415 valde
599 2336 804 2412 crudeliter
823 2341 970 2439 plectro
991 2336 1071 2411 lirae
1097 2363 1193 2431 suae,
1220 2350 1445 2436 anagnostes

330 2488 605 2588 respondebat:
631 2487 768 2563 Amen.

381 2665 441 2714 21.
467 2638 545 2713 Hic
569 2639 831 2716 schismaticus
856 2652 929 2734 est,
957 2652 996 2715 et
1020 2636 1102 2715 sine
1127 2637 1298 2713 nomine.

340 2765 343 2770 ι
380 2815 440 2868 22.
466 2790 683 2866 Postremus
716 2804 844 2868 autem
883 2802 922 2866 et
954 2790 1111 2864 indutus
1144 2790 1289 2863 vellere
1323 2788 1445 2879 verris

329 2938 514 3014 decoriati
555 2965 724 3038 egressus
756 2953 812 3016 est
844 2941 892 3015 de
922 2939 1060 3041 cymba
1091 2938 1195 3037 gigas
1232 2938 1448 3013 altitudinis

331 3088 504 3188 quinque
531 3092 752 3165 cubitorum
780 3103 819 3166 et
842 3093 980 3192 palmi:

383 3244 440 3317 23.
465 3241 617 3320 Vorans
638 3241 818 3341 reliquias
840 3268 957 3317 ooenae
978 3269 1122 3340 magnae
1141 3239 1330 3315 coenaculi
1347 3236 1446 3313 filio·

330 3417 419 3466 rum
442 3389 642 3466 Carnificis
665 3391 815 3467 Sancti:

381 3559 439 3628 24.
464 3542 516 3616 Et
535 3541 755 3618 ruminabat
782 3544 913 3644 epulas
934 3545 1043 3620 velut
1066 3543 1161 3618 Bosa
1188 3555 1226 3619 et
1249 3543 1445 3619 eructabat

213 3712 215 3716 ‘
330 3714 393 3766 eas
419 3694 604 3767 clamans:

381 3842 441 3918 25.
469 3844 581 3918 Unus
599 3870 669 3942 ego
688 3844 820 3920 omnia
836 3845 915 3921 scio
934 3872 1017 3946 quae
1034 3872 1103 3922 vos
1122 3870 1255 3920 omnes
1271 3844 1445 3921 nescitis:

329 4018 421 4066 nam
449 3993 567 4068 Judas
596 3993 794 4072 Iscariotes
824 3997 891 4097 qui
917 3997 1073 4072 tradidit
1102 3996 1246 4070 Filium
1275 3995 1446 4070 hominis

330 4142 373 4216 in
402 4147 534 4218 osculo
555 4159 686 4222 sancto
711 4159 792 4222 crat
813 4149 862 4224 de
882 4148 999 4249 stirpe
1016 4149 1155 4227 David.
1192 4148 1323 4228 David
1341 4148 1446 4225 enim

252 4356 277 4412 ,Ἰ
328 4294 437 4368 rusus
463 4306 552 4371 erat.
