3562 5364
487 561 540 597 xu

487 717 543 780 vel
564 677 640 799 quae
662 714 792 800 optima
820 712 964 790 didicit,
988 710 1189 777 stultissime
1212 708 1492 800 res'suas'gerit.
1535 721 1599 780 Ca-

486 859 589 912 veant
599 847 788 931 praesertim
802 844 1102 930 Hypercalypseos
1117 844 1336 928 interpretes,
1352 865 1393 907 ne
1409 846 1600 929 adimplea-

411 1026 419 1037 ,
488 979 599 1043 turin
618 977 662 1040 iis
683 979 826 1040 verbum
841 978 1019 1059 Prophetae
1035 975 1175 1038 minimi
1194 999 1203 1038 ε
1230 976 1467 1058 Ignorantiam
1487 979 1600 1042 asino·

487 1131 565 1174 rum
583 1110 753 1190 potiorem
776 1129 844 1172 csse
864 1108 1012 1168 stultitia
1040 1107 1231 1171 doctorum.

565 1241 684 1313 Aram
707 1259 779 1302 non
800 1260 876 1302 sum
899 1236 1028 1301 inscius
1050 1237 1199 1312 (tametsi
1223 1238 1361 1303 venalia
1382 1245 1484 1320 atque
1506 1240 1599 1304 invia

470 1351 585 1434 ¹diosa
613 1358 803 1431 commenta
835 1367 1026 1450 defuerint)
1056 1390 1129 1431 rem
1160 1368 1247 1431 mihi
1273 1369 1496 1452 asperrimam
1524 1372 1599 1435 fore

486 1498 653 1578 cumillis,
664 1499 790 1579 quibus
803 1498 909 1561 satius
924 1507 972 1562 est
985 1501 1114 1582 probro
1126 1497 1230 1581 affici,
1254 1522 1357 1582 quam
1369 1501 1512 1565 omnino
1525 1524 1598 1566 non

485 1630 680 1709 nominari3
701 1629 763 1710 qui
781 1629 921 1710 quidem
936 1650 1008 1692 non
1020 1629 1058 1693 in
1070 1629 1228 1712 alterius,
1249 1634 1307 1694 sed
1319 1632 1356 1694 in
1368 1632 1422 1694 sui
1436 1629 1598 1695 offensio-

484 1784 565 1826 nem
586 1761 768 1845 aenigmata
793 1759 987 1842 excipient:
1008 1762 1158 1842 quorum
1178 1762 1362 1823 hominum
1383 1761 1450 1824 tria
1471 1784 1597 1848 genera

483 1892 579 1956 novi.
622 1894 739 1954 Unum
760 1911 868 1976 genus
890 1900 938 1954 est
961 1911 1080 1954 eorum
1105 1891 1167 1973 qui
1187 1892 1404 1972 aliquantula
1426 1894 1520 1954 bona
1544 1893 1597 1955 la-

484 2044 541 2085 ma
565 2043 636 2085 non
667 2031 807 2098 carent,
828 2031 862 2083 at
890 2024 1055 2107 augendae
1081 2022 1297 2104 impatientia
1321 2021 1511 2085 miserrime
1536 2044 1597 2086 an·

486 2163 641 2238 guntur:
664 2152 808 2215 insidias
829 2151 985 2232 quotidie
1005 2161 1147 2234 pavent3
1167 2152 1281 2215 hostes
1302 2153 1459 2232 undique
1477 2154 1597 2215 venire

486 2292 647 2361 cernunt;
666 2280 839 2363 quidquid
856 2280 945 2342 anili
962 2280 1158 2363 suspicione
1176 2281 1405 2364 perviderint,
1422 2302 1486 2364 pro
1505 2304 1596 2345 com-

483 2423 581 2498 perto
602 2415 749 2490 habent,
770 2420 963 2493 queruntur
982 2430 1053 2473 sese
1074 2411 1226 2475 insontes
1246 2432 1285 2475 ac
1307 2414 1349 2474 de
1370 2432 1407 2474 re
1427 2412 1596 2474 litteraria

484 2543 613 2626 optime
625 2543 774 2624 meritos,
787 2541 967 2621 calumniis
981 2544 1068 2626 peti;
1091 2545 1134 2604 ad
1142 2547 1359 2607 Maecenatem
1371 2523 1593 2629 confugiunt3

386 2714 388 2722 ·
483 2674 717 2761 cognitionem
746 2677 789 2736 ab
816 2675 971 2759 Augusto
1003 2674 1194 2737 institutam
1225 2677 1268 2737 de
1295 2673 1434 2737 famosis
1463 2673 1593 2736 libellis

482 2807 700 2868 recolendam
726 2813 925 2887 reposcunt3
954 2805 1124 2888 principis
1146 2805 1360 2868 severitatem
1387 2804 1592 2884 sollicitant3

482 2936 613 2999 auxilia
644 2934 902 3017 ephemeridum
937 2935 1006 2998 sibi
1035 2936 1248 3022 adjungunt,
1279 2945 1311 2998 et
1332 2938 1375 2997 ad
1396 2935 1593 3016 aequitatem

480 3064 627 3127 humani
651 3065 786 3148 generis
810 3075 1020 3148 provocant:
1040 3065 1170 3129 scilieet
1192 3067 1270 3130 orbi
1293 3076 1460 3129 terrarum
1482 3065 1592 3128 maxi·-

397 3275 398 3279 ,
481 3216 577 3256 mum
600 3193 673 3258 fore
694 3216 735 3258 ex
756 3193 957 3261 detrimento
982 3197 1034 3258 rei
1053 3197 1228 3262 litterariae
1251 3197 1457 3279 periculum.
1497 3199 1591 3260 Alte-

479 3336 558 3388 ru'm
584 3347 691 3411 genus
713 3336 762 3389 est
783 3346 902 3389 eorum
926 3328 1073 3408 quibus,
1101 3349 1177 3391 cum
1201 3338 1357 3390 neutram
1385 3327 1512 3390 famam
1535 3347 1615 3410 as-¹

479 3457 578 3538 sequi
606 3466 761 3542 possent,
794 3457 944 3538 quietem
973 3458 1123 3522 alienam
1153 3480 1290 3522 movere
1313 3479 1438 3545 magna
1462 3478 1589 3522 merces

478 3588 637 3651 videtur:
656 3589 739 3651 belli
760 3610 891 3652 caussas
910 3589 1116 3671 anquirunt,
1133 3590 1321 3674 arripiunt,
1337 3585 1405 3652 'nee
1420 3609 1496 3671 spes
1516 3590 1589 3649 ulla

477 3718 648 3798 victoriae3
669 3729 703 3781 at
716 3740 833 3802 pacem
850 3729 1006 3782 metuunt
1023 3744 1030 3783 :
1052 3741 1124 3783 non
1143 3731 1210 3783 tam
1225 3720 1292 3783 sibi
1307 3723 1467 3803 prodesse
1484 3739 1587 3798 quam

476 3848 555 3912 aliis
586 3853 704 3913 obesse
733 3836 877 3922 malunt.
916 3854 1071 3922 Tertium
1102 3875 1210 3937 genus
1237 3862 1286 3916 est
1315 3872 1435 3913 eorum
1460 3850 1587 3930 quibus

476 3983 608 4048 famosa
639 3996 720 4049 sunt
749 3990 909 4071 nomina,
939 3994 1053 4074 pudor
1081 3988 1231 4068 attritus;
1263 3984 1444 4050 nobilitari
1467 4001 1502 4042 se
1527 4001 1587 4041 au-

476 4114 573 4176 dacia
595 4136 634 4180 ac
657 4119 823 4182 dedecore
852 4121 1006 4200 student,
1038 4141 1150 4202 neque
1180 4139 1242 4182 sua
1270 4128 1339 4180 met
1364 4117 1433 4201 ipsi
1457 4119 1586 4199 probra

474 4245 615 4307 reticere
633 4248 687 4308 vel
703 4234 815 4312 dicere
834 4249 1023 4331 quidquam
1044 4250 1144 4331 pensi
1158 4252 1296 4330 hahent,
1314 4250 1503 4310 dummodo
1522 4247 1586 4307 ali-

475 4395 544 4456 quo
565 4384 663 4459 pecto
686 4379 911 4444 innotescant.
951 4383 1035 4443 Nam
1059 4390 1097 4443 ut
1119 4383 1277 4444 mortales
1303 4379 1365 4461 qui
1389 4399 1409 4441 a
1434 4376 1583 4448 libidine
