3562 5364
1272 580 1308 630 11

254 767 310 844 17.
337 742 394 821 Ut
422 766 555 819 omnes
584 740 722 843 populi
751 739 888 817 sileant
915 743 986 817 sub
1016 741 1155 819 umbra
1184 743 1312 820 Nabu-

199 896 463 970 chodonosor:
489 921 558 973 vos
580 904 708 969 autem
739 892 938 968 cantabitis
960 918 1051 969 eum
1077 895 1148 970 sub
1174 895 1311 972 umbra

198 1073 304 1142 mea,
331 1060 376 1122 ut
393 1045 561 1122 serviatis
582 1045 678 1119 mihi
697 1056 734 1119 et
754 1043 872 1120 servis
890 1044 984 1119 meis
1002 1044 1132 1119 multis
1154 1045 1310 1142 diebus,

198 1211 238 1273 et
262 1197 465 1274 inveniatis
488 1199 647 1296 gratiam
673 1196 715 1271 in
740 1205 948 1298 conspectu
977 1219 1064 1271 meo
1086 1222 1245 1296 semper.

254 1350 308 1424 18.
335 1349 386 1422 Et
415 1348 520 1424 dedit
549 1349 805 1424 Hieromomo
830 1348 1031 1443 grabatum
1057 1360 1095 1423 et
1126 1349 1309 1444 ferulam,

198 1510 238 1575 et
267 1499 464 1573 constituit
493 1525 584 1575 eum
617 1501 867 1601 paedagogum
897 1498 1121 1576 Chaldaeum
1147 1490 1311 1602 ephebo·

198 1676 286 1724 rum
312 1649 399 1725 atrii
423 1649 532 1748 regis.

483 1986 709 2066 CAPUT
759 1989 1037 2068 SEXTUM

243 2247 285 2350 ¹1.
312 2250 429 2326 orus
459 2250 714 2328 Hieromomi.

250 2429 283 2476 2.
310 2403 420 2478 Dixit
436 2404 589 2506 spiritus
606 2403 684 2480 Dei
703 2402 803 2482 vivi:
830 2401 993 2480 Necesse
1015 2414 1070 2479 est
1089 2412 1135 2477 ut
1154 2401 1312 2479 veniant

197 2552 385 2626 scandala.
783 2528 786 2534 Ι

249 2705 283 2778 3.
310 2700 484 2775 Tradidit
508 2727 598 2800 ergo
624 2702 767 2776 Satanae
797 2701 937 2778 scribas
963 2715 1001 2778 et
1025 2703 1249 2804 paedagogos
1274 2714 1313 2778 et

198 2877 294 2925 anus
318 2851 484 2952 poetrias
508 2852 732 2927 libidinosas
755 2865 799 2927 ut
823 2853 1087 2930 scandalizent.

249 3021 285 3092 4.
310 3004 404 3078 Haec
434 3003 530 3078 dixit
558 3004 618 3082 vir
644 3003 816 3080 militaris
842 3004 890 3079 ad
915 3029 996 3079 me:
1033 3003 1166 3080 Gallus
1191 3003 1310 3079 homo

198 3153 397 3228 satiabitur
420 3154 608 3229 fructibus
634 3168 740 3231 terrae
764 3156 936 3257 pinguis,
964 3166 1002 3230 et
1018 3154 1311 3232 vociferabitur:

250 3304 284 3376 5.
321 3303 608 3380 Obliviscimini
631 3305 771 3402 linguae
796 3318 948 3406 patrum
978 3317 1194 3381 vestrorum
1221 3303 1311 3403 quia

198 3453 345 3553 profert
359 3454 506 3528 inania:
532 3455 739 3554 loquimini
761 3455 931 3553 linguam
950 3481 1073 3531 meam
1091 3483 1174 3555 quae
1196 3456 1312 3530 habet

198 3606 316 3682 verba
337 3606 548 3706 sapientiae,
576 3568 615 3682 et
638 3619 765 3681 cantat
785 3581 1012 3683 mirabiliter
1037 3607 1079 3681 in
1108 3609 1310 3683 orchestra.

250 3754 284 3830 6.
309 3758 421 3832 Tunc
457 3771 495 3834 et
528 3758 803 3866 Hieromomus
838 3761 946 3835 bibet
978 3760 1115 3836 vinum
1150 3759 1192 3834 in
1223 3763 1322 3834 con?

199 3906 306 3984 vivio
330 3910 441 3986 Eden
471 3922 649 4011 satrapae,
689 3923 727 3986 et
759 3937 837 3984 una
867 3937 956 3985 cum
988 3893 1100 3985 Gallo
1129 3910 1312 3987 vocifera-

199 4057 330 4133 bitur:
380 4061 555 4160 Expuam
593 4062 646 4136 fel
686 4087 707 4137 e
746 4041 878 4163 jecore
920 4085 1007 4135 meo
1045 4086 1159 4160 super
1196 4059 1311 4134 facies

200 4205 369 4285 filiorum
400 4213 536 4312 populi
570 4213 618 4285 ad
646 4212 832 4286 sanandos
864 4213 997 4284 oculos
1027 4236 1186 4306 eorum,
1221 4210 1311 4311 quia

199 4363 395 4461 prophetae
426 4376 718 4440 excaecaverunt
746 4361 949 4440 civitatem.
