<?xml version="1.0" encoding="UTF-8"?>
<!DOCTYPE html PUBLIC "-//W3C//DTD XHTML 1.0 Transitional//EN"
    "http://www.w3.org/TR/xhtml1/DTD/xhtml1-transitional.dtd">
<html xmlns="http://www.w3.org/1999/xhtml" xml:lang="en" lang="en">
 <head>
  <title>
</title>
<meta http-equiv="Content-Type" content="text/html;charset=utf-8" />
  <meta name='ocr-system' content='tesseract 3.04.00' />
  <meta name='ocr-capabilities' content='ocr_page ocr_carea ocr_par ocr_line ocrx_word'/>
</head>
<body>
  <div class='ocr_page' id='page_1' title='image "./didymiclericipr00foscgoog_0058.png"; bbox 0 0 3562 5364; ppageno 0'>
   <div class='ocr_carea' id='block_1_1' title="bbox 325 525 1459 2302">
    <p class='ocr_par' dir='ltr' id='par_1_1' title="bbox 1399 525 1438 591">
     <span class='ocr_line' id='line_1_1' title="bbox 1399 525 1438 591; baseline -0.051 0"><span class='ocrx_word' id='word_1_1' title='bbox 1399 525 1438 591; x_wconf 81' lang='grc' dir='ltr'><strong>δι</strong></span> 
     </span>
    </p>

    <p class='ocr_par' dir='ltr' id='par_1_2' title="bbox 325 693 1439 943">
     <span class='ocr_line' id='line_1_2' title="bbox 376 693 1439 813; baseline -0.012 -21"><span class='ocrx_word' id='word_1_2' title='bbox 376 719 436 795; x_wconf 66' lang='lat'><strong>13.</strong></span> <span class='ocrx_word' id='word_1_3' title='bbox 470 714 522 789; x_wconf 84' lang='lat' dir='ltr'><strong>Et</strong></span> <span class='ocrx_word' id='word_1_4' title='bbox 568 714 828 813; x_wconf 81' lang='lat' dir='ltr'><strong>sepulcretum</strong></span> <span class='ocrx_word' id='word_1_5' title='bbox 864 733 1019 788; x_wconf 76' lang='lat' dir='ltr'><strong>versum</strong></span> <span class='ocrx_word' id='word_1_6' title='bbox 1061 693 1118 787; x_wconf 80' lang='lat' dir='ltr'><strong>est</strong></span> <span class='ocrx_word' id='word_1_7' title='bbox 1158 710 1201 787; x_wconf 91' lang='lat' dir='ltr'><strong>in</strong></span> <span class='ocrx_word' id='word_1_8' title='bbox 1224 707 1439 784; x_wconf 85' lang='lat' dir='ltr'><strong>&#39;tabernam</strong></span> 
     </span>
     <span class='ocr_line' id='line_1_3' title="bbox 325 867 580 943; baseline -0.008 0"><span class='ocrx_word' id='word_1_9' title='bbox 325 867 580 943; x_wconf 81' lang='lat' dir='ltr'><strong>ardalionum.</strong></span> 
     </span>
    </p>

    <p class='ocr_par' dir='ltr' id='par_1_3' title="bbox 379 1017 1198 1114">
     <span class='ocr_line' id='line_1_4' title="bbox 379 1017 1198 1114; baseline -0.005 -20"><span class='ocrx_word' id='word_1_10' title='bbox 379 1038 436 1107; x_wconf 77' lang='lat'><strong>14.</strong></span> <span class='ocrx_word' id='word_1_11' title='bbox 460 1018 512 1091; x_wconf 86' lang='lat' dir='ltr'><strong>Et</strong></span> <span class='ocrx_word' id='word_1_12' title='bbox 538 1017 658 1090; x_wconf 82' lang='lat' dir='ltr'>sactus</span> <span class='ocrx_word' id='word_1_13' title='bbox 685 1025 740 1090; x_wconf 84' lang='lat' dir='ltr'><strong>est</strong></span> <span class='ocrx_word' id='word_1_14' title='bbox 765 1026 1000 1089; x_wconf 65' lang='lat' dir='ltr'><strong>terraemotus</strong></span> <span class='ocrx_word' id='word_1_15' title='bbox 1028 1042 1198 1114; x_wconf 86' lang='lat' dir='ltr'><strong>magnus.</strong></span> 
     </span>
    </p>

    <p class='ocr_par' dir='ltr' id='par_1_4' title="bbox 326 1131 1442 1567">
     <span class='ocr_line' id='line_1_5' title="bbox 380 1131 1440 1262; baseline -0.002 -19"><span class='ocrx_word' id='word_1_16' title='bbox 380 1167 437 1243; x_wconf 87' lang='lat'><strong>15.</strong></span> <span class='ocrx_word' id='word_1_17' title='bbox 463 1167 514 1242; x_wconf 89' lang='lat' dir='ltr'><strong>Et</strong></span> <span class='ocrx_word' id='word_1_18' title='bbox 538 1165 649 1240; x_wconf 88' lang='lat' dir='ltr'><strong>scissa</strong></span> <span class='ocrx_word' id='word_1_19' title='bbox 676 1176 733 1241; x_wconf 82' lang='lat' dir='ltr'><strong>est</strong></span> <span class='ocrx_word' id='word_1_20' title='bbox 756 1164 906 1262; x_wconf 84' lang='lat' dir='ltr'><strong>fragore</strong></span> <span class='ocrx_word' id='word_1_21' title='bbox 931 1166 1109 1242; x_wconf 86' lang='lat' dir='ltr'>horribili</span> <span class='ocrx_word' id='word_1_22' title='bbox 1136 1131 1255 1243; x_wconf 80' lang='lat' dir='ltr'><strong>terra:</strong></span> <span class='ocrx_word' id='word_1_23' title='bbox 1282 1177 1320 1241; x_wconf 83' lang='lat' dir='ltr'><strong>et</strong></span> <span class='ocrx_word' id='word_1_24' title='bbox 1340 1165 1440 1241; x_wconf 89' lang='lat' dir='ltr'>simi-</span> 
     </span>
     <span class='ocr_line' id='line_1_6' title="bbox 326 1314 1442 1416; baseline 0 -24"><span class='ocrx_word' id='word_1_25' title='bbox 326 1317 450 1392; x_wconf 88' lang='lat' dir='ltr'>litudo</span> <span class='ocrx_word' id='word_1_26' title='bbox 490 1316 586 1391; x_wconf 87' lang='lat' dir='ltr'><strong>asini</strong></span> <span class='ocrx_word' id='word_1_27' title='bbox 622 1314 806 1392; x_wconf 83' lang='lat' dir='ltr'><strong>decoriati</strong></span> <span class='ocrx_word' id='word_1_28' title='bbox 845 1341 1047 1416; x_wconf 85' lang='lat' dir='ltr'><strong>exsurgens</strong></span> <span class='ocrx_word' id='word_1_29' title='bbox 1084 1318 1133 1393; x_wconf 91' lang='lat' dir='ltr'><strong>de</strong></span> <span class='ocrx_word' id='word_1_30' title='bbox 1171 1320 1323 1392; x_wconf 85' lang='lat' dir='ltr'>tumulo</span> <span class='ocrx_word' id='word_1_31' title='bbox 1358 1343 1442 1392; x_wconf 89' lang='lat' dir='ltr'><strong>cur·</strong></span> 
     </span>
     <span class='ocr_line' id='line_1_7' title="bbox 327 1448 1223 1567; baseline -0.017 -21"><span class='ocrx_word' id='word_1_32' title='bbox 327 1472 434 1546; x_wconf 81' lang='lat' dir='ltr'><strong>sabat</strong></span> <span class='ocrx_word' id='word_1_33' title='bbox 458 1468 653 1567; x_wconf 82' lang='lat' dir='ltr'><strong>undique=</strong></span> <span class='ocrx_word' id='word_1_34' title='bbox 1222 1448 1223 1451; x_wconf 21' lang='lat'>¹</span> 
     </span>
    </p>

    <p class='ocr_par' dir='ltr' id='par_1_5' title="bbox 328 1615 1441 1846">
     <span class='ocr_line' id='line_1_8' title="bbox 382 1615 1441 1722; baseline 0.001 -27"><span class='ocrx_word' id='word_1_35' title='bbox 382 1618 437 1695; x_wconf 83' lang='lat'><strong>16.</strong></span> <span class='ocrx_word' id='word_1_36' title='bbox 463 1620 516 1693; x_wconf 85' lang='lat' dir='ltr'><strong>Et</strong></span> <span class='ocrx_word' id='word_1_37' title='bbox 530 1620 680 1694; x_wconf 89' lang='lat' dir='ltr'>ruditus</span> <span class='ocrx_word' id='word_1_38' title='bbox 698 1615 780 1722; x_wconf 85' lang='lat' dir='ltr'><strong>ejus</strong></span> <span class='ocrx_word' id='word_1_39' title='bbox 796 1619 950 1718; x_wconf 85' lang='lat' dir='ltr'>longior</span> <span class='ocrx_word' id='word_1_40' title='bbox 967 1620 1066 1697; x_wconf 88' lang='lat' dir='ltr'><strong>eheu</strong></span> <span class='ocrx_word' id='word_1_41' title='bbox 1090 1632 1245 1696; x_wconf 84' lang='lat' dir='ltr'><strong>centum</strong></span> <span class='ocrx_word' id='word_1_42' title='bbox 1266 1620 1441 1697; x_wconf 83' lang='lat' dir='ltr'>virorum</span> 
     </span>
     <span class='ocr_line' id='line_1_9' title="bbox 328 1769 848 1846; baseline -0.006 0"><span class='ocrx_word' id='word_1_43' title='bbox 328 1769 563 1846; x_wconf 82' lang='lat' dir='ltr'>bellatorum</span> <span class='ocrx_word' id='word_1_44' title='bbox 588 1769 848 1846; x_wconf 81' lang='lat' dir='ltr'><strong>morientium.</strong></span> 
     </span>
    </p>

    <p class='ocr_par' dir='ltr' id='par_1_6' title="bbox 328 1919 1441 2174">
     <span class='ocr_line' id='line_1_10' title="bbox 383 1919 1441 2021; baseline 0.001 -25"><span class='ocrx_word' id='word_1_45' title='bbox 383 1947 438 2019; x_wconf 88' lang='lat'><strong>17.</strong></span> <span class='ocrx_word' id='word_1_46' title='bbox 464 1921 622 1994; x_wconf 85' lang='lat' dir='ltr'>Etcum</span> <span class='ocrx_word' id='word_1_47' title='bbox 639 1919 793 2020; x_wconf 87' lang='lat' dir='ltr'>spiritus</span> <span class='ocrx_word' id='word_1_48' title='bbox 809 1919 926 2014; x_wconf 86' lang='lat' dir='ltr'><strong>asini,</strong></span> <span class='ocrx_word' id='word_1_49' title='bbox 944 1943 1007 1996; x_wconf 92' lang='lat' dir='ltr'><strong>me</strong></span> <span class='ocrx_word' id='word_1_50' title='bbox 1023 1931 1226 2021; x_wconf 83' lang='lat' dir='ltr'><strong>praesente,</strong></span> <span class='ocrx_word' id='word_1_51' title='bbox 1245 1922 1441 2020; x_wconf 79' lang='lat' dir='ltr'><strong>transiret,-</strong></span> 
     </span>
     <span class='ocr_line' id='line_1_11' title="bbox 328 2071 1016 2174; baseline -0.006 -25"><span class='ocrx_word' id='word_1_52' title='bbox 328 2072 528 2174; x_wconf 85' lang='lat' dir='ltr'><strong>perterrita</strong></span> <span class='ocrx_word' id='word_1_53' title='bbox 550 2083 640 2146; x_wconf 84' lang='lat' dir='ltr'><strong>sunt</strong></span> <span class='ocrx_word' id='word_1_54' title='bbox 661 2071 791 2146; x_wconf 90' lang='lat' dir='ltr'><strong>omnia</strong></span> <span class='ocrx_word' id='word_1_55' title='bbox 812 2097 895 2145; x_wconf 85' lang='lat' dir='ltr'><strong>ossa</strong></span> <span class='ocrx_word' id='word_1_56' title='bbox 920 2095 1016 2145; x_wconf 82' lang='lat' dir='ltr'><strong>mea.</strong></span> 
     </span>
    </p>

    <p class='ocr_par' dir='ltr' id='par_1_7' title="bbox 384 2222 1459 2302">
     <span class='ocr_line' id='line_1_12' title="bbox 384 2222 1459 2302; baseline 0.002 -4"><span class='ocrx_word' id='word_1_57' title='bbox 384 2226 439 2300; x_wconf 89' lang='lat'><strong>18.</strong></span> <span class='ocrx_word' id='word_1_58' title='bbox 473 2226 609 2301; x_wconf 91' lang='lat' dir='ltr'>Rudor</span> <span class='ocrx_word' id='word_1_59' title='bbox 645 2224 801 2301; x_wconf 84' lang='lat' dir='ltr'><strong>interim</strong></span> <span class='ocrx_word' id='word_1_60' title='bbox 835 2223 1010 2300; x_wconf 86' lang='lat' dir='ltr'><strong>redactus</strong></span> <span class='ocrx_word' id='word_1_61' title='bbox 1048 2233 1105 2296; x_wconf 86' lang='lat' dir='ltr'><strong>est</strong></span> <span class='ocrx_word' id='word_1_62' title='bbox 1135 2222 1178 2299; x_wconf 89' lang='lat' dir='ltr'><strong>in</strong></span> <span class='ocrx_word' id='word_1_63' title='bbox 1212 2223 1459 2302; x_wconf 83' lang='lat' dir='ltr'><strong>cantilenam.</strong></span> 
     </span>
    </p>
   </div>
   <div class='ocr_carea' id='block_1_2' title="bbox 330 2374 1129 2477">
    <p class='ocr_par' dir='ltr' id='par_1_8' title="bbox 330 2374 1129 2477">
     <span class='ocr_line' id='line_1_13' title="bbox 330 2374 1129 2477; baseline -0.003 -27"><span class='ocrx_word' id='word_1_64' title='bbox 330 2375 566 2477; x_wconf 82' lang='lat' dir='ltr'><strong>Synagogitae</strong></span> <span class='ocrx_word' id='word_1_65' title='bbox 590 2376 750 2475; x_wconf 83' lang='lat' dir='ltr'><strong>legentis</strong></span> <span class='ocrx_word' id='word_1_66' title='bbox 776 2400 823 2452; x_wconf 84' lang='lat' dir='ltr'><strong>ex</strong></span> <span class='ocrx_word' id='word_1_67' title='bbox 848 2374 1028 2449; x_wconf 85' lang='lat' dir='ltr'>cathedra</span> <span class='ocrx_word' id='word_1_68' title='bbox 1051 2400 1129 2448; x_wconf 87' lang='lat' dir='ltr'><strong>sua.</strong></span> 
     </span>
    </p>
   </div>
   <div class='ocr_carea' id='block_1_3' title="bbox 397 2732 1379 2837">
    <p class='ocr_par' dir='ltr' id='par_1_9' title="bbox 397 2732 1379 2837">
     <span class='ocr_line' id='line_1_14' title="bbox 397 2732 1379 2837; baseline -0.001 -26"><span class='ocrx_word' id='word_1_69' title='bbox 397 2732 625 2811; x_wconf 82' lang='lat' dir='ltr'>cAror</span> <span class='ocrx_word' id='word_1_70' title='bbox 660 2734 997 2810; x_wconf 78' lang='lat' dir='ltr'><strong>Dncrnnn</strong></span> <span class='ocrx_word' id='word_1_71' title='bbox 1043 2733 1379 2837; x_wconf 78' lang='lat' dir='ltr'><strong>Qornrnn</strong></span> 
     </span>
    </p>
   </div>
   <div class='ocr_carea' id='block_1_4' title="bbox 300 2966 1549 4277">
    <p class='ocr_par' dir='ltr' id='par_1_10' title="bbox 300 2966 1449 3366">
     <span class='ocr_line' id='line_1_15' title="bbox 387 2966 865 3068; baseline -0.008 -24"><span class='ocrx_word' id='word_1_72' title='bbox 387 2994 418 3044; x_wconf 90' lang='lat'><strong>1.</strong></span> <span class='ocrx_word' id='word_1_73' title='bbox 446 2969 728 3068; x_wconf 70' lang='lat' dir='ltr'><strong>Qornrnonrn</strong></span> <span class='ocrx_word' id='word_1_74' title='bbox 758 2966 865 3041; x_wconf 89' lang='lat' dir='ltr'><strong>asini.</strong></span> 
     </span>
     <span class='ocr_line' id='line_1_16' title="bbox 385 3116 1449 3230; baseline -0.002 -36"><span class='ocrx_word' id='word_1_75' title='bbox 385 3145 420 3194; x_wconf 83' lang='lat'><strong>2.</strong></span> <span class='ocrx_word' id='word_1_76' title='bbox 445 3120 650 3218; x_wconf 87' lang='lat' dir='ltr'><strong>Loquente</strong></span> <span class='ocrx_word' id='word_1_77' title='bbox 680 3119 812 3212; x_wconf 86' lang='lat' dir='ltr'><strong>asino,</strong></span> <span class='ocrx_word' id='word_1_78' title='bbox 848 3116 923 3194; x_wconf 86' lang='lat' dir='ltr'>viri</span> <span class='ocrx_word' id='word_1_79' title='bbox 952 3144 1085 3195; x_wconf 90' lang='lat' dir='ltr'><strong>omnes</strong></span> <span class='ocrx_word' id='word_1_80' title='bbox 1115 3124 1155 3195; x_wconf 82' lang='lat' dir='ltr'><strong>et</strong></span> <span class='ocrx_word' id='word_1_81' title='bbox 1183 3119 1385 3230; x_wconf 68' lang='lat' dir='ltr'><strong>ennuchus</strong></span> <span class='ocrx_word' id='word_1_82' title='bbox 1409 3130 1449 3195; x_wconf 89' lang='lat' dir='ltr'><strong>et</strong></span> 
     </span>
     <span class='ocr_line' id='line_1_17' title="bbox 300 3240 1355 3366; baseline -0.004 -19"><span class='ocrx_word' id='word_1_83' title='bbox 300 3240 302 3245; x_wconf 62' lang='lat'><em>,</em></span> <span class='ocrx_word' id='word_1_84' title='bbox 334 3269 475 3347; x_wconf 89' lang='lat' dir='ltr'>mulier</span> <span class='ocrx_word' id='word_1_85' title='bbox 501 3271 695 3345; x_wconf 85' lang='lat' dir='ltr'><strong>tacebant:</strong></span> <span class='ocrx_word' id='word_1_86' title='bbox 722 3282 760 3345; x_wconf 90' lang='lat' dir='ltr'><strong>et</strong></span> <span class='ocrx_word' id='word_1_87' title='bbox 786 3270 1056 3345; x_wconf 83' lang='lat' dir='ltr'><strong>deambulante</strong></span> <span class='ocrx_word' id='word_1_88' title='bbox 1080 3270 1172 3366; x_wconf 85' lang='lat' dir='ltr'>illo,</span> <span class='ocrx_word' id='word_1_89' title='bbox 1197 3272 1355 3346; x_wconf 81' lang='lat' dir='ltr'><strong>stabant.</strong></span> 
     </span>
    </p>

    <p class='ocr_par' dir='ltr' id='par_1_11' title="bbox 385 3402 1105 3529">
     <span class='ocr_line' id='line_1_18' title="bbox 385 3402 1105 3529; baseline -0.01 -31"><span class='ocrx_word' id='word_1_90' title='bbox 385 3425 421 3498; x_wconf 79' lang='lat'><strong>3.</strong></span> <span class='ocrx_word' id='word_1_91' title='bbox 448 3421 541 3495; x_wconf 89' lang='lat' dir='ltr'><strong>Haec</strong></span> <span class='ocrx_word' id='word_1_92' title='bbox 568 3423 724 3529; x_wconf 16' lang='lat' dir='ltr'>locutus·</span> <span class='ocrx_word' id='word_1_93' title='bbox 748 3432 804 3494; x_wconf 87' lang='lat' dir='ltr'><strong>est</strong></span> <span class='ocrx_word' id='word_1_94' title='bbox 828 3419 973 3494; x_wconf 85' lang='lat' dir='ltr'><strong>asinus:</strong></span> <span class='ocrx_word' id='word_1_95' title='bbox 1101 3402 1105 3421; x_wconf 77' lang='grc'><strong>’</strong></span> 
     </span>
    </p>

    <p class='ocr_par' dir='ltr' id='par_1_12' title="bbox 335 3567 1549 3948">
     <span class='ocr_line' id='line_1_19' title="bbox 387 3567 1549 3677; baseline -0.003 -33"><span class='ocrx_word' id='word_1_96' title='bbox 387 3587 422 3658; x_wconf 76' lang='grc'><strong>4.</strong></span> <span class='ocrx_word' id='word_1_97' title='bbox 448 3569 576 3646; x_wconf 88' lang='lat' dir='ltr'><strong>Patres</strong></span> <span class='ocrx_word' id='word_1_98' title='bbox 612 3570 690 3645; x_wconf 89' lang='lat' dir='ltr'><strong>mei</strong></span> <span class='ocrx_word' id='word_1_99' title='bbox 723 3581 762 3645; x_wconf 84' lang='lat' dir='ltr'><strong>et</strong></span> <span class='ocrx_word' id='word_1_100' title='bbox 793 3568 925 3646; x_wconf 80' lang='lat' dir='ltr'><strong>fratres</strong></span> <span class='ocrx_word' id='word_1_101' title='bbox 955 3569 1057 3664; x_wconf 86' lang='lat' dir='ltr'><strong>mei,</strong></span> <span class='ocrx_word' id='word_1_102' title='bbox 1092 3580 1131 3645; x_wconf 87' lang='lat' dir='ltr'><strong>et</strong></span> <span class='ocrx_word' id='word_1_103' title='bbox 1164 3568 1255 3668; x_wconf 89' lang='lat' dir='ltr'><strong>equi</strong></span> <span class='ocrx_word' id='word_1_104' title='bbox 1286 3579 1325 3644; x_wconf 88' lang='lat' dir='ltr'><strong>et</strong></span> <span class='ocrx_word' id='word_1_105' title='bbox 1351 3567 1450 3642; x_wconf 88' lang='lat' dir='ltr'>muli</span> <span class='ocrx_word' id='word_1_106' title='bbox 1545 3671 1549 3677; x_wconf 24' lang='grc' dir='ltr'>Ι</span> 
     </span>
     <span class='ocr_line' id='line_1_20' title="bbox 335 3717 1450 3821; baseline -0.004 -24"><span class='ocrx_word' id='word_1_107' title='bbox 335 3721 540 3797; x_wconf 85' lang='lat' dir='ltr'><strong>necessarii</strong></span> <span class='ocrx_word' id='word_1_108' title='bbox 566 3721 664 3817; x_wconf 85' lang='lat' dir='ltr'><strong>mei,</strong></span> <span class='ocrx_word' id='word_1_109' title='bbox 691 3733 729 3809; x_wconf 81' lang='lat' dir='ltr'><strong>et</strong></span> <span class='ocrx_word' id='word_1_110' title='bbox 752 3721 872 3799; x_wconf 87' lang='lat' dir='ltr'><strong>boves</strong></span> <span class='ocrx_word' id='word_1_111' title='bbox 898 3733 938 3797; x_wconf 83' lang='lat' dir='ltr'><strong>et</strong></span> <span class='ocrx_word' id='word_1_112' title='bbox 962 3745 1053 3799; x_wconf 88' lang='lat' dir='ltr'><strong>oves</strong></span> <span class='ocrx_word' id='word_1_113' title='bbox 1077 3719 1221 3821; x_wconf 88' lang='lat' dir='ltr'><strong>aliique</strong></span> <span class='ocrx_word' id='word_1_114' title='bbox 1246 3717 1319 3796; x_wconf 87' lang='lat' dir='ltr'>filii</span> <span class='ocrx_word' id='word_1_115' title='bbox 1343 3733 1450 3796; x_wconf 84' lang='lat' dir='ltr'>terrae</span> 
     </span>
     <span class='ocr_line' id='line_1_21' title="bbox 336 3871 545 3948; baseline -0.014 0"><span class='ocrx_word' id='word_1_116' title='bbox 336 3871 424 3948; x_wconf 81' lang='lat' dir='ltr'><strong>noti</strong></span> <span class='ocrx_word' id='word_1_117' title='bbox 448 3873 545 3947; x_wconf 83' lang='lat' dir='ltr'><strong>mei:</strong></span> 
     </span>
    </p>

    <p class='ocr_par' dir='ltr' id='par_1_13' title="bbox 340 3989 1539 4277">
     <span class='ocr_line' id='line_1_22' title="bbox 390 3989 1539 4143; baseline 0 -48"><span class='ocrx_word' id='word_1_118' title='bbox 390 4023 424 4096; x_wconf 82' lang='lat'><strong>5.</strong></span> <span class='ocrx_word' id='word_1_119' title='bbox 459 4022 639 4098; x_wconf 81' lang='lat' dir='ltr'><strong>consecti</strong></span> <span class='ocrx_word' id='word_1_120' title='bbox 682 3989 846 4143; x_wconf 66' lang='lat' dir='ltr'><strong>labore,</strong></span> <span class='ocrx_word' id='word_1_121' title='bbox 897 4023 1004 4099; x_wconf 88' lang='lat' dir='ltr'><strong>senio</strong></span> <span class='ocrx_word' id='word_1_122' title='bbox 1047 4035 1086 4099; x_wconf 86' lang='lat' dir='ltr'><strong>et</strong></span> <span class='ocrx_word' id='word_1_123' title='bbox 1126 4021 1214 4098; x_wconf 87' lang='lat' dir='ltr'><strong>tabe</strong></span> <span class='ocrx_word' id='word_1_124' title='bbox 1259 4020 1452 4099; x_wconf 86' lang='lat' dir='ltr'>servitutis</span> <span class='ocrx_word' id='word_1_125' title='bbox 1535 4026 1539 4032; x_wconf 84' lang='lat'>&#39;</span> 
     </span>
     <span class='ocr_line' id='line_1_23' title="bbox 340 4173 1452 4277; baseline -0.001 -30"><span class='ocrx_word' id='word_1_126' title='bbox 340 4173 507 4248; x_wconf 87' lang='lat' dir='ltr'>emortui</span> <span class='ocrx_word' id='word_1_127' title='bbox 545 4185 664 4250; x_wconf 85' lang='lat' dir='ltr'><strong>sunt:</strong></span> <span class='ocrx_word' id='word_1_128' title='bbox 711 4188 749 4250; x_wconf 87' lang='lat' dir='ltr'><strong>et</strong></span> <span class='ocrx_word' id='word_1_129' title='bbox 784 4176 834 4252; x_wconf 88' lang='lat' dir='ltr'><strong>ad</strong></span> <span class='ocrx_word' id='word_1_130' title='bbox 873 4185 1012 4252; x_wconf 77' lang='lat' dir='ltr'><strong>terram</strong></span> <span class='ocrx_word' id='word_1_131' title='bbox 1047 4186 1247 4277; x_wconf 82' lang='lat' dir='ltr'><strong>parentem</strong></span> <span class='ocrx_word' id='word_1_132' title='bbox 1283 4184 1452 4249; x_wconf 86' lang='lat' dir='ltr'><strong>nostram</strong></span> 
     </span>
    </p>
   </div>
   <div class='ocr_carea' id='block_1_5' title="bbox 340 4321 728 4425">
    <p class='ocr_par' dir='ltr' id='par_1_14' title="bbox 340 4321 728 4425">
     <span class='ocr_line' id='line_1_24' title="bbox 340 4321 728 4425; baseline 0.013 -29"><span class='ocrx_word' id='word_1_133' title='bbox 340 4326 507 4422; x_wconf 81' lang='lat' dir='ltr'><strong>reversi,</strong></span> <span class='ocrx_word' id='word_1_134' title='bbox 542 4321 613 4399; x_wconf 87' lang='lat' dir='ltr'><strong>ubi</strong></span> <span class='ocrx_word' id='word_1_135' title='bbox 645 4351 728 4425; x_wconf 84' lang='lat' dir='ltr'><strong>pax.</strong></span> 
     </span>
    </p>
   </div>
   <div class='ocr_carea' id='block_1_6' title="bbox 0 0 1804 5364">
    <p class='ocr_par' dir='ltr' id='par_1_15' title="bbox 0 0 1804 5364">
     <span class='ocr_line' id='line_1_25' title="bbox 0 0 1804 5364; baseline 0 0"><span class='ocrx_word' id='word_1_136' title='bbox 0 0 1804 5364; x_wconf 95' lang='lat' dir='ltr'><strong> </strong></span> 
     </span>
    </p>
   </div>
  </div>
 </body>
</html>
