3562 5364
496 564 537 646 ¹4

545 772 579 848 9.
604 743 656 819 Et
689 741 764 817 alia
798 739 994 839 genimina
1029 738 1279 817 Mammonae·
1298 769 1467 843 quorum
1504 743 1612 822 frons

495 910 552 974 est
576 894 701 970 attrita
727 903 766 967 et
790 917 858 965 cor
881 917 962 966 non
988 903 1044 967 est
1069 917 1270 993 carneum:

549 1072 604 1121 10.
633 1044 716 1146 Qui
739 1042 935 1118 dictabant
960 1042 1079 1116 diaria
1105 1028 1382 1138 Hieromomo,
1410 1057 1448 1120 et
1471 1044 1614 1120 instau.

493 1197 744 1274 rabanteum
762 1206 908 1270 testem
939 1193 1203 1269 fornicationis
1234 1195 1435 1271 calumniae
1458 1195 1501 1272 in
1526 1223 1614 1298 pro-

492 1349 626 1449 phetas
650 1345 780 1441 vivos,
807 1358 845 1421 et
870 1344 909 1422 in
937 1368 1044 1442 reges
1069 1358 1242 1420 mortuos
1257 1370 1279 1420 :·

548 1525 604 1573 11.
629 1498 682 1572 Et
705 1496 946 1598 prandebant
971 1523 1060 1571 cum
1086 1497 1156 1571 illo
1183 1525 1325 1596 agnum
1350 1497 1536 1599 pinguem
1563 1496 1615 1574 de

493 1675 626 1750 grege,
654 1659 693 1723 et
716 1646 858 1723 vitulos
883 1646 1021 1727 Vaccae
1047 1648 1210 1723 Pastoris
1228 1648 1353 1724 bonis

548 1823 605 1873 12.
630 1795 902 1894 Dicebantque
924 1796 1217 1872 Hieromomo:
1256 1799 1361 1875 Affer
1398 1799 1536 1876 vinum
1575 1812 1615 1875 et

493 1949 690 2025 bibemus:
715 1948 768 2022 Et
782 1947 825 2023 in
848 1951 1004 2047 crapula
1022 1962 1061 2026 et
1081 1949 1264 2026 ebrietate
1281 1951 1615 2051 amplectebantur

493 2100 663 2177 invicem
688 2102 915 2175 clamantes:
943 2100 1039 2175 Pax:
1066 2113 1105 2177 et
1128 2127 1209 2177 non
1235 2114 1315 2178 erat
1339 2128 1424 2203 pax.

549 2256 605 2329 13.
630 2251 693 2325 Tu
718 2275 809 2348 ergo
835 2249 987 2349 despice
1012 2276 1095 2327 cos:
1122 2277 1222 2330 neve
1248 2252 1428 2328 convivia
1452 2250 1614 2326 illorum

493 2402 624 2478 adeas:
651 2399 741 2502 quia
766 2400 1001 2483 manducant
1025 2425 1165 2502 panem
1190 2404 1397 2503 pollutum.

549 2573 606 2642 14.
632 2552 769 2653 Neque
786 2577 980 2630 sermones
1002 2552 1159 2628 illorum
1181 2553 1330 2628 audies:
1358 2552 1449 2652 quia
1473 2551 1614 2627 falsilo-

494 2703 583 2804 qui,
611 2715 650 2779 et
674 2704 937 2800 subversores,
967 2716 1006 2779 et
1028 2704 1236 2780 irritatores
1257 2716 1365 2800 sunt,
1394 2715 1433 2780 et
1456 2702 1612 2804 spiritus

494 2853 570 2928 oris
596 2879 732 2929 eorum
759 2855 972 2956 multiplex.

547 3004 603 3079 15.
631 3005 767 3105 Neque
792 3005 997 3107 protuleris
1023 3004 1223 3104 eloquium
1252 3029 1382 3078 coram
1409 3003 1486 3079 eis=
1520 3004 1613 3104 quia

493 3156 704 3251 increduli,
731 3156 875 3252 invidi,
904 3158 1111 3252 delatores,
1139 3169 1178 3232 et
1203 3168 1475 3256 exasperantes.

549 3305 605 3385 16.
630 3307 759 3411 Quam
781 3307 832 3380 ob
856 3332 958 3402 rem,
986 3307 1061 3381 illis
1079 3307 1343 3400 audientibus,
1369 3331 1473 3407 pone
1490 3305 1612 3403 signa·

416 3508 422 3524 .
493 3459 627 3532 culum
645 3457 756 3532 labiis
774 3457 865 3532 tuis:
892 3461 1125 3559 praestolator
1143 3458 1360 3534 intellectus
1381 3457 1441 3531 sui
1464 3483 1611 3533 venun·

494 3607 601 3683 dabit
625 3608 849 3701 veritatem,
881 3620 919 3683 et
943 3609 1199 3684 mercenarius
1225 3609 1361 3688 animae
1386 3634 1462 3683 suae
1488 3608 1611 3683 tradet

493 3758 661 3853 animam
691 3758 816 3834 fratris
842 3758 912 3833 sui.

548 3937 604 4010 17.
630 3910 755 3986 Iidem
781 3935 872 4006 ergo
900 3935 1033 3985 omnes
1059 3909 1330 4010 exprobrantes
1356 3909 1610 3983 calamitatem

493 4059 774 4157 Hieromomo,
802 4075 996 4161 apponent
1020 4075 1175 4163 peccata
1201 4088 1269 4135 sua
1293 4086 1408 4160 super
1433 4085 1534 4133 eum.

547 4213 603 4287 18.
634 4211 909 4311 Unusquisque
933 4225 1060 4287 autem
1085 4212 1128 4288 in
1153 4211 1377 4286 abscondito
1405 4209 1529 4287 cordis
1549 4208 1610 4283 sui

495 4361 704 4438 obdurabit
728 4363 977 4460 cogitationes
1001 4390 1086 4440 suas
1111 4363 1154 4442 in
1178 4363 1385 4465 impietate.
