3562 5364
330 268 370 335 10
652 281 784 335 cnivis
810 272 1166 334 nrannonnrrsnbs.

326 434 445 512 predius
459 434 698 514 (Hieromomus)
713 446 745 496 ct
757 435 943 497 Lambertius
961 434 1131 514 (Psoriona)
1147 436 1232 514 quasi
1245 437 1363 515 quidem
1376 435 1478 496 defen·

325 582 407 624 sores
421 563 614 644 Napoleontis
626 576 656 624 et
665 564 751 634 aulae,
763 566 939 623 accusabant
947 564 1093 643 principia
1101 563 1177 644 juris
1190 564 1325 625 rivalium
1338 551 1476 625 suorum:

330 710 480 771 quumque
494 694 531 752 de
543 692 627 753 libris
640 693 782 752 disserere
795 693 945 764 deberent,
967 712 1127 770 eorumque
1141 694 1213 753 vitia
1227 692 1332 774 judicii
1344 693 1478 754 acumina

328 823 448 882 inventa
460 841 632 901 proponere,
646 821 688 879 illi
709 822 747 879 de
758 820 885 880 aliorum
901 821 1032 880 moribus
1050 820 1247 899 loquebantur
1260 822 1306 882 vel
1320 821 1478 882 calumnia·

327 952 437 1010 'bantur
465 951 535 1010 tecti
560 949 700 1029 praesidio
725 948 905 1029 imperantis,
930 949 982 1027 qui
1015 959 1111 1008 cetera
1144 950 1340 1029 prohibuisset
1374 950 1478 1011 diaria.

330 1078 461 1139 Venetus
475 1079 592 1156 quidam
609 1076 781 1136 Conturentis
793 1076 923 1136 ediderat
936 1096 988 1155 per
1002 1077 1076 1137 duos
1089 1092 1186 1138 tresve
1202 1098 1316 1138 menses
1330 1081 1478 1157 Antipolp·

327 1209 478 1286 graplrum:
505 1207 557 1265 sed
571 1220 616 1264 est
628 1206 798 1285 prohibitus.
917 1182 923 1207 Ι

582 1460 733 1524 CAPUT
756 1458 971 1533 QUINTUM
996 1458 1221 1525 DECIMUM

885 1600 911 1643 et

686 1726 875 1792 SEXTUM
901 1726 1123 1790 DECIMUM

369 1900 444 1959 Sunt
457 1898 527 1956 satis
542 1895 629 1954 clara.

569 2147 721 2213 CAPUT
744 2146 987 2212 SEPTIMUM
1013 2146 1238 2213 DECIMUM

369 2318 422 2378 Vs.
443 2322 470 2376 4.
513 2336 630 2377 ωηο
643 2334 767 2375 uaxrrm
1175 2316 1295 2376 Lutetia.

369 2445 422 2507 Vs.
447 2452 474 2506 6.
514 2465 630 2505 anunm
644 2461 801 2503 canentur
854 2323 886 2807 ξ
1010 2504 1015 2511 ,
1132 2327 1261 2810 {Ram

330 2527 333 2533 ’
929 2516 992 2574 haec
1008 2527 1054 2574 eat

366 2576 421 2636 Vs.
444 2581 472 2636 8.
515 2594 630 2634 enarro
643 2591 759 2632 struma
1173 2570 1368 2632 Mediolanum.

369 2707 423 2766 Vs.
446 2711 474 2765 9.
517 2722 634 2763 ωηο
650 2720 736 2761 utras
1173 2701 1287 2780 Anglia.

602 2994 754 3059 CAPUT
778 2991 1210 3058 DUODEVICESIMUM

369 3170 424 3228 Vs.
441 3171 487 3224 14.
529 3163 648 3222 Scilicet
669 3160 798 3219 haec‘est
812 3158 914 3218 infelix
935 3160 985 3218 illa
1005 3161 1034 3218 in
1049 3159 1201 3220 Ruthenos
1221 3164 1378 3241 expeditio,
1393 3167 1477 3244 cujus

326 3297 436 3374 frigore
449 3293 545 3354 adusti
558 3296 669 3370 periere
685 3289 809 3368 juvenes
829 3289 974 3347 exercitus
988 3288 1086 3347 Italici
1099 3290 1136 3348 ad
1150 3291 1240 3350 octies
1260 3303 1289 3350 et
1303 3294 1477 3374 quadragies

326 3423 413 3484 mile:
442 3423 540 3498 itaque
561 3435 629 3498 post
649 3416 804 3477 Gallorum
826 3417 949 3503 cladem,
972 3417 1065 3477 ltaliae
1085 3438 1209 3495 regnum
1228 3422 1323 3480 caruit
1340 3422 1476 3483 defenso-

325 3553 418 3613 ribus·
1365 3520 1368 3525 Ι

365 3679 420 3739 Vs·
438 3683 484 3737 18.
526 3676 574 3734 Sic
587 3675 721 3755 profecto
735 3693 786 3751 per
800 3674 926 3733 lascivos
939 3695 976 3733 ex
991 3675 1143 3734 nobilitate
1156 3697 1271 3754 pueros,
1283 3699 1336 3758 per
1350 3680 1478 3742 famulos

325 3820 414 3886 atque
431 3806 517 3866 etiam
531 3824 584 3883 per
605 3803 789 3862 mulierculas
809 3803 860 3862 illo
874 3817 955 3861 motu
970 3802 1183 3863 Mediolanensi
1197 3827 1214 3864 e
1227 3809 1307 3867 curin
1321 3808 1477 3869 Senatores

325 3939 407 4018 ejecti
430 3948 507 4006 sunt,
531 3933 705 3992 Senatorum
727 3933 811 4011 pueri
836 3932 991 3992 tribunalia
1015 3933 1185 4011 spoliarunt,
1210 3949 1240 3994 et
1263 3937 1358 3997 sicarii
1381 3938 1475 4016 pretio
