3562 5364
464 1049 690 1130 CAPUT
731 1049 1056 1128 TERTIUM·

256 1372 286 1422 r.
312 1347 479 1423 Srcnuu
506 1349 625 1448 quod‘
641 1350 785 1424 sactum
816 1359 871 1425 est
894 1348 1066 1449 Didymo
1097 1344 1237 1422 clerica
1263 1345 1311 1420 ab

200 1498 353 1573 anicula
375 1500 581 1596 Margarita
603 1525 691 1574 curn
715 1499 776 1576 vir
796 1499 969 1575 militaris
991 1501 1170 1595 clangore
1191 1522 1314 1570 cornu

198 1661 346 1724 arceret
362 1676 494 1726 ornnes
515 1651 660 1726 animas
681 1677 891 1752 puerorum
913 1650 1143 1726 lascivorum
1163 1659 1202 1723 et
1220 1645 1313 1721 filia-

197 1826 286 1873 rum
314 1799 399 1901 agri.
420 1826 449 1874 a·
461 1798 580 1903 janua
605 1801 790 1902 praesepis.

248 1977 282 2026 a.
309 1953 437 2027 Boves
462 1951 645 2044 bubulci,
672 1950 887 2026 cumtuba·
902 1962 1073 2043 sonaret,
1100 1947 1314 2023 timuerunt

195 2101 345 2176 lanium
374 2114 413 2178 et
439 2103 690 2202 ploraverunt
718 2105 842 2177 multo
875 2102 1048 2200 mugitu:
1086 2099 1156 2180 Vis
1186 2113 1312 2175 tauros

196 2282 284 2329 rum
310 2253 576 2354 percutiebant
599 2253 779 2328 cornibus
804 2277 988 2354 praesepe,
1015 2263 1054 2327 et
1073 2250 1179 2348 virga
1200 2274 1313 2346 gene·

62 2412 66 2418 ’
195 2403 353 2479 rationis
379 2430 514 2481 eorum
540 2405 815 2480 extendebatur
835 2403 878 2478 in
903 2403 979 2477 ira:
1005 2402 1107 2500 Agni
1128 2405 1310 2477 lactentes

196 2554 403 2628 currebant
431 2555 480 2628 ad
508 2566 667 2647 matres,
704 2565 743 2629 et
768 2565 904 2628 matres
935 2565 974 2628 et
1002 2553 1090 2649 agni
1119 2552 1310 2650 stipabant

194 2706 245 2781 ad
269 2704 436 2780 invicem
461 2729 540 2781 sese
567 2728 827 2806 praepavore:
853 2704 904 2777 Et
928 2703 1019 2802 equi
1043 2666 1199 2777 araturis
1225 2700 1308 2774 hin-

194 2854 279 2930 nitu
306 2854 506 2930 inhiabant
531 2883 723 2957 pugnam:
761 2855 813 2929 Et
840 2880 925 2931 sues
953 2854 1200 2953 grunnientes
1226 2879 1308 2927 cur·

194 3007 329 3080 sabant
352 3005 525 3105 undique
549 3005 740 3107 perterriti
764 3031 834 3106 per
862 3030 1055 3106 praesepe:
1098 3003 1213 3079 Canis
1244 3031 1307 3078 au-

195 3167 273 3259 tern
301 3156 460 3256 pastoris
489 3159 607 3254 longo
638 3153 782 3258 ejulatu
813 3155 909 3230 dixit
938 3180 1054 3229 omen
1084 3155 1198 3230 triste.
1252 3154 1306 3228 At

192 3304 347 3380 anicula
366 3305 573 3404 Margarita
594 3307 727 3380 orabat
746 3305 827 3381 sine
845 3331 989 3404 pavore
1006 3306 1143 3381 mentis
1162 3306 1210 3380 ad
1227 3307 1305 3379 Do-

193 3454 355 3532 minum.

241 3611 277 3683 3.
302 3608 354 3680 Et
379 3632 469 3681 cum
495 3605 667 3683 viderem
693 3597 957 3685 fortitudinem
981 3622 1020 3685 et
1039 3606 1155 3684 fidem
1177 3606 1304 3682 anicu-

191 3757 237 3829 1ae
260 3759 456 3857 amplexus
476 3785 562 3832 sum
584 3784 686 3834 eam:
713 3772 751 3835 et
775 3762 929 3861 plorans
954 3763 1062 3836 velut
1086 3759 1209 3834 infans
1232 3761 1304 3833 cla·

191 3906 296 3982 mavi
321 3907 381 3981 Aa
410 3907 480 3984 Aa.

240 4077 275 4144 4.
302 4057 355 4132 Et
375 4084 468 4132 cuns
482 4058 595 4134 tertio
615 4059 845 4159 aperuissem
864 4087 905 4135 os
924 4086 1054 4137 meum
1074 4062 1125 4136 ad·
1143 4063 1305 4136 claman-

190 4207 289 4281 dum
311 4206 369 4283 Aa
383 4264 393 4301 ‚
428 4208 580 4283 anicula
606 4208 672 4283 illa
700 4209 830 4310 posuit
856 4210 898 4286 in
923 4167 1090 4309 gutture
1105 4237 1192 4288 meo
1224 4212 1306 4286 dul-

190 4358 367 4437 cedinem
394 4355 489 4436 ficus
516 4385 631 4463 quem
660 4389 784 4438 unum
809 4362 975 4438 babebat
998 4361 1041 4438 in
1067 4365 1227 4437 calath0.
