3562 5364
493 531 532 579 22
699 532 709 583 l

545 717 579 794 9.
606 691 731 766 Pavor
763 701 891 764 autem
922 685 1078 763 viatoris
1110 684 1319 785 vespertini
1352 684 1496 762 obtulit
1528 688 1611 765 hes·

496 854 605 917 terna
639 853 754 916 nocte
786 842 900 912 oculo
933 864 1003 912 suo
1038 835 1330 912 similitudinem
1364 837 1612 915 Hieromomi
1651 916 1654 923 ,

500 991 726 1091 egredientis
744 1017 765 1067 e
783 992 954 1085 tumulo,
974 986 1177 1066 evertentis
1195 1011 1326 1089 cruces
1340 985 1612 1065 defunctorum

498 1142 542 1218 in
564 1167 669 1242 pace.

553 1319 607 1368 ro.
634 1295 686 1368 Et
702 1293 905 1368 simulacra
918 1318 1053 1370 eorum
1066 1292 1107 1367 in
1120 1302 1275 1392 aspectu
1291 1287 1454 1389 legionis
1468 1290 1614 1364 colum·

499 1444 638 1519 barum
664 1444 882 1520 timentium
911 1446 1132 1546 accipitrem
1160 1443 1321 1518 orabant
1346 1454 1540 1540 gementes
1564 1442 1614 1514 ad

500 1597 655 1671 Deum:
688 1596 882 1674 Inimicus
907 1598 1046 1672 animoe
1071 1610 1214 1672 nostroe
1237 1608 1409 1670 extereus
1437 1621 1524 1670 ossa
1547 1622 1614 1696 pa-

504 1749 543 1822 ci
574 1775 631 1823 ca.

558 1925 613 1975 11.
638 1900 744 1975 Audi
765 1900 900 1997 Anna,
927 1913 966 1977 et
985 1925 1099 2002 parce
1116 1897 1232 1991 mihi;
1258 1897 1350 1998 quia
1370 1897 1614 1974 conturbatio

502 2076 617 2152 super
646 2052 1006 2147 conturbationem,
1043 2064 1081 2128 et
1107 2050 1259 2125 auditus
1284 2074 1398 2148 super
1422 2048 1615 2124 auditum:

506 2204 649 2278 etenim
668 2199 924 2280 inhabitantes
947 2204 1051 2305 apud
1070 2205 1203 2277 locum
1219 2198 1416 2298 religionis
1435 2201 1618 2278 audivere

504 2378 643 2430 vocem
667 2354 931 2431 Hieromomi:

561 2531 615 2578 12.
643 2505 841 2580 Clamabat
866 2507 970 2582 enim
999 2506 1047 2580 ab
1078 2504 1230 2580 inferis:
1267 2505 1343 2580 Fili
1369 2503 1524 2601 Horos,
1560 2501 1619 2578 fili

505 2652 680 2748 Bethon,
714 2655 771 2730 fili
797 2657 1017 2751 Phthoniae,
1043 2655 1100 2730 fili
1125 2657 1301 2732 Benach:
1328 2668 1367 2732 et
1390 2683 1460 2734 vos
1486 2682 1618 2732 omnes

419 2909 423 2914 .
507 2807 575 2905 qui
601 2809 814 2883 tractabatis
840 2808 1046 2884 consilium
1071 2835 1243 2884 mecum:

561 2961 618 3033 13.
643 2957 706 3028 Ad
731 2959 826 3055 quid
850 2948 1103 3060 dereliquistis
1128 2962 1255 3033 solum
1280 2959 1322 3033 in
1347 2956 1511 3060 proelio?

563 3124 619 3193 14.
645 3103 716 3208 Eja
750 3108 929 3208 depellite
960 3111 1164 3210 prophetas
1195 3109 1242 3183 de
1270 3108 1364 3181 nido
1395 3107 1505 3201 vitae3
1538 3136 1622 3183 um-

508 3253 578 3329 bra
607 3280 693 3331 mea
721 3270 848 3333 autem
880 3272 1030 3335 evertet
1059 3259 1238 3358 reliquias
1274 3283 1432 3353 eorum,
1469 3270 1507 3335 et
1536 3284 1621 3332 ossa

506 3430 643 3482 eorum
667 3407 845 3482 ludibria
860 3408 1068 3508 aquilonis:

561 3557 616 3636 15.
643 3558 703 3635 Ne
730 3559 906 3637 viventes
927 3561 970 3635 in
996 3574 1193 3669 posterum
1218 3571 1523 3638 commemorent
1546 3559 1620 3636 vir-

508 3719 607 3784 tutes
635 3736 769 3786 eorum
795 3739 910 3812 super
935 3718 1124 3807 tumulos,
1152 3726 1190 3790 et
1213 3717 1371 3811 lugeant
1395 3737 1470 3788 eos.

562 3857 618 3933 16.
646 3860 759 3938 Cives
784 3863 901 3961 igitur
926 3865 994 3964 qui
1022 3865 1253 3942 audiverunt
1281 3867 1386 3957 lraec‚
1421 3856 1622 3938 reaedifica-⁴

504 4023 645 4085 verunt
686 4013 803 4088 hodie
838 4014 985 4091 oriente
1019 4020 1099 4092 sole
1133 4020 1307 4116 sepulcra
1342 4007 1543 4090 fidelium:
1583 4022 1622 4086 et

504 4157 814 4240 instauraverunt
847 4191 978 4243 cruces
1014 4192 1128 4270 super
1162 4193 1232 4264 ea,
1273 4181 1311 4247 et
1340 4163 1622 4241 maledixerunt

506 4309 773 4390 Hieromomo.
867 4342 872 4347 ·
934 4361 951 4399 a
