3562 5364
264 1145 271 1157 '
328 1153 461 1200 naun.
498 1151 784 1203 aentnauus
818 1155 1068 1203 annaeus
1102 1161 1129 1202 r.
1166 1148 1196 1203 c.

279 1376 429 1423 tuno
474 1375 731 1421 alcuanuo
772 1379 1002 1423 woaanlo
1045 1379 1112 1434 EQ.
1151 1381 1240 1425 sn.
1297 1391 1299 1395 ’

284 1633 444 1694 Aucron
466 1629 741 1692 commentarioli
762 1632 804 1693 de
824 1629 947 1694 studiis
969 1627 1191 1710 moribusque
1208 1629 1320 1714 Didy·
1370 1676 1373 1682 .

207 1759 274 1836 mi,
290 1759 473 1822 biennium
490 1758 618 1822 abhinc
632 1759 717 1822 Pisis
737 1759 838 1840 editi,
855 1760 1015 1822 libellum
1032 1759 1197 1845 exiguum
1216 1782 1320 1841 quem

206 1889 321 1970 rides,
350 1889 441 1969 iuli,
468 1897 507 1950 ut
526 1887 604 1952 aliis
624 1889 820 1983 perlapsi&
843 1888 893 1954 sic
916 1889 1020 1953 etiam
1045 1889 1133 1952 mihi
1153 1889 1318 1972 permise-

203 2028 260 2084 rat
280 2018 559 2098 exscribendum,
579 2038 620 2080 ea
640 2020 717 2104 lege
725 1990 794 2100 ‚'·⁵irt
814 2040 858 2082 ne
878 2019 1013 2102 publici
1030 2017 1120 2098 juris
1141 2018 1257 2084 fieret:
1281 2019 1319 2082 id

206 2153 303 2234 quod
319 2151 483 2214 hactenus
500 2170 521 2212 a
539 2169 594 2212 me
612 2159 750 2213 cautum
769 2147 890 2211 fuerat.
914 2154 994 2213 Erat
1012 2149 1104 2212 enim
1123 2151 1319 2233 periculum

206 2300 252 2344 ne
274 2278 592 2364 importunissimus
610 2279 757 2362 quisque
777 2279 984 2364 scriptorum
1006 2299 1131 2343 noram
1153 2279 1320 2363 arriperet

205 2411 296 2475 lucri
315 2411 610 2492 commoditatem
631 2433 709 2474 cum
723 2412 911 2474 admodum
926 2418 1066 2493 constet,
1083 2409 1212 2473 versari
1227 2409 1319 2472 inter

204 2542 310 2604 Italos
328 2550 555 2605 mercaturam
577 2545 751 2624 quandam
767 2523 977 2627 jurgiorum.
1009 2543 1094 2623 Quae
1115 2542 1189 2604 lues
1211 2541 1319 2607 ltaliae

205 2657 381 2754 principio
402 2690 444 2732 ex
462 2669 683 2734 aemulatione
707 2669 999 2754 municipiorum,
1019 2693 1079 2734 sua
1103 2693 1319 2752 quarumque

205 2799 376 2884 peculiari
393 2800 552 2863 libertate
574 2799 793 2880 florentium,
823 2801 884 2861 sed
910 2798 1015 2863 armis
1044 2810 1077 2863 et
1104 2803 1318 2863 moderatore

206 2950 278 2994 uno
308 2931 517 3012 carentium,
547 2939 621 2993 orta
642 2937 700 2992 est.
740 2929 875 2992 Deinde
900 2929 963 2992 ubi
986 2930 1161 2994 aemulatio
1186 2931 1224 2993 in
1251 2930 1319 2993 dis-

207 3060 362 3125 cordiam
392 3060 574 3145 paullatim
605 3059 845 3144 degeneravit,
874 3059 1072 3142 malignitas
1107 3060 1145 3122 in
1174 3060 1317 3139 litteris,

205 3199 381 3270 tamquam
416 3191 596 3255 necessitas
626 3190 924 3276 superingruentis
954 3191 1147 3271 servitutis,
1181 3189 1319 3252 counit.

206 3322 306 3384 Nunc
327 3323 483 3403 deinum,
504 3324 548 3384 ab
569 3321 662 3384 hisce
682 3323 855 3404 praecipue
877 3320 1118 3406 duodeviginti
1139 3319 1256 3398 annis,
1277 3341 1318 3383 ex

151 3527 157 3535 ἱ
206 3468 277 3529 quo
303 3449 481 3512 Britannia
502 3460 560 3512 tua
583 3451 781 3513 communia
801 3450 946 3513 humani
970 3451 1105 3537 generis
1123 3449 1205 3526 jura
1228 3449 1318 3512 tueri

205 3597 242 3641 se
262 3577 461 3661 profitetur,
483 3600 546 3643 nos
570 3578 710 3643 interim
731 3591 849 3645 nostro

440 3777 581 3846 Sanguine
601 3777 708 3850 Cyrnaei
727 3780 829 3833 luimus
848 3779 971 3853 perjuria
990 3779 1090 3847 Regis:

208 3946 324 4024 utrum
350 3983 462 4027 mores
498 3964 674 4029 servitutis
702 3965 832 4029 litteras
859 3964 1099 4048 depravarint,
1128 3984 1169 4025 an
1196 3963 1317 4028 litterae

205 4085 421 4175 servitutem,
443 4096 537 4157 haud
559 4094 659 4158 facile
680 4094 744 4158 tibi
766 4095 923 4158 dixerim.
967 4099 1034 4159 Sed
1054 4116 1130 4157 curn
1152 4100 1258 4183 Musae
1285 4105 1318 4156 te

205 4232 367 4304 raperent
386 4223 425 4286 in
448 4225 582 4288 Italiam
594 4273 604 4308 ,
629 4225 692 4287 ubi
711 4227 825 4289 adhuc
847 4247 907 4288 ara
930 4236 963 4288 et
982 4226 1063 4310 igne
1084 4228 1235 4309 gaudent
1258 4245 1320 4286 an·

206 4349 325 4433 tiquo,
353 4362 554 4434 nostrasque
582 4356 737 4422 miserias
761 4359 936 4438 solantur,
962 4355 1100 4437 aliquid
1127 4354 1230 4416 etiam
1254 4371 1320 4438 pro
