<?xml version="1.0" encoding="UTF-8"?>
<!DOCTYPE html PUBLIC "-//W3C//DTD XHTML 1.0 Transitional//EN"
    "http://www.w3.org/TR/xhtml1/DTD/xhtml1-transitional.dtd">
<html xmlns="http://www.w3.org/1999/xhtml" xml:lang="en" lang="en">
 <head>
  <title>
</title>
<meta http-equiv="Content-Type" content="text/html;charset=utf-8" />
  <meta name='ocr-system' content='tesseract 3.04.00' />
  <meta name='ocr-capabilities' content='ocr_page ocr_carea ocr_par ocr_line ocrx_word'/>
</head>
<body>
  <div class='ocr_page' id='page_1' title='image "./didymiclericipr00foscgoog_0035.png"; bbox 0 0 3562 5364; ppageno 0'>
   <div class='ocr_carea' id='block_1_1' title="bbox 495 517 515 583">
    <p class='ocr_par' dir='ltr' id='par_1_1' title="bbox 495 517 515 583">
     <span class='ocr_line' id='line_1_1' title="bbox 495 517 515 583; baseline 0 0"><span class='ocrx_word' id='word_1_1' title='bbox 495 517 515 583; x_wconf 79' lang='grc'><strong>8</strong></span> 
     </span>
    </p>
   </div>
   <div class='ocr_carea' id='block_1_2' title="bbox 496 681 1610 1250">
    <p class='ocr_par' dir='ltr' id='par_1_2' title="bbox 496 681 1607 928">
     <span class='ocr_line' id='line_1_2' title="bbox 549 681 1607 799; baseline 0.001 -26"><span class='ocrx_word' id='word_1_2' title='bbox 549 692 613 773; x_wconf 74' lang='grc' dir='ltr'><strong>ιι.</strong></span> <span class='ocrx_word' id='word_1_3' title='bbox 626 681 691 771; x_wconf 80' lang='lat' dir='ltr'><strong>sic</strong></span> <span class='ocrx_word' id='word_1_4' title='bbox 708 721 779 797; x_wconf 89' lang='lat' dir='ltr'><strong>pro</strong></span> <span class='ocrx_word' id='word_1_5' title='bbox 796 691 929 771; x_wconf 89' lang='lat' dir='ltr'><strong>labore</strong></span> <span class='ocrx_word' id='word_1_6' title='bbox 943 690 1051 798; x_wconf 87' lang='lat' dir='ltr'><strong>justo</strong></span> <span class='ocrx_word' id='word_1_7' title='bbox 1069 692 1228 773; x_wconf 84' lang='lat' dir='ltr'><strong>habebis</strong></span> <span class='ocrx_word' id='word_1_8' title='bbox 1249 718 1389 799; x_wconf 88' lang='lat' dir='ltr'><strong>panem</strong></span> <span class='ocrx_word' id='word_1_9' title='bbox 1413 706 1452 774; x_wconf 88' lang='lat' dir='ltr'><strong>et</strong></span> <span class='ocrx_word' id='word_1_10' title='bbox 1470 720 1607 799; x_wconf 90' lang='lat' dir='ltr'><strong>pacem</strong></span> 
     </span>
     <span class='ocr_line' id='line_1_3' title="bbox 496 847 929 928; baseline -0.002 -4"><span class='ocrx_word' id='word_1_11' title='bbox 496 849 549 928; x_wconf 62' lang='lat' dir='ltr'><strong>in,</strong></span> <span class='ocrx_word' id='word_1_12' title='bbox 564 849 682 924; x_wconf 91' lang='lat' dir='ltr'><strong>domo</strong></span> <span class='ocrx_word' id='word_1_13' title='bbox 711 847 835 923; x_wconf 91' lang='lat' dir='ltr'><strong>cordis</strong></span> <span class='ocrx_word' id='word_1_14' title='bbox 861 847 929 923; x_wconf 85' lang='lat' dir='ltr'><strong>tui.</strong></span> 
     </span>
    </p>

    <p class='ocr_par' dir='ltr' id='par_1_3' title="bbox 496 993 1610 1250">
     <span class='ocr_line' id='line_1_4' title="bbox 551 993 1610 1098; baseline 0.001 -25"><span class='ocrx_word' id='word_1_15' title='bbox 551 1024 605 1073; x_wconf 78' lang='lat'><strong>12.</strong></span> <span class='ocrx_word' id='word_1_16' title='bbox 634 998 738 1073; x_wconf 86' lang='lat' dir='ltr'><strong>Cave</strong></span> <span class='ocrx_word' id='word_1_17' title='bbox 763 996 968 1098; x_wconf 87' lang='lat' dir='ltr'><strong>praesertim</strong></span> <span class='ocrx_word' id='word_1_18' title='bbox 993 996 1045 1074; x_wconf 82' lang='lat' dir='ltr'><strong>rie</strong></span> <span class='ocrx_word' id='word_1_19' title='bbox 1065 993 1204 1073; x_wconf 81' lang='lat' dir='ltr'><strong>sciibas</strong></span> <span class='ocrx_word' id='word_1_20' title='bbox 1223 997 1368 1074; x_wconf 72' lang='lat' dir='ltr'><strong>diarias</strong></span> <span class='ocrx_word' id='word_1_21' title='bbox 1393 999 1610 1076; x_wconf 90' lang='lat' dir='ltr'><strong>meliorest</strong></span> 
     </span>
     <span class='ocr_line' id='line_1_5' title="bbox 496 1148 1610 1250; baseline 0.002 -27"><span class='ocrx_word' id='word_1_22' title='bbox 496 1176 652 1224; x_wconf 89' lang='lat' dir='ltr'><strong>somnus</strong></span> <span class='ocrx_word' id='word_1_23' title='bbox 671 1176 786 1247; x_wconf 91' lang='lat' dir='ltr'><strong>quam</strong></span> <span class='ocrx_word' id='word_1_24' title='bbox 805 1150 924 1224; x_wconf 86' lang='lat' dir='ltr'><strong>fraus:</strong></span> <span class='ocrx_word' id='word_1_25' title='bbox 947 1149 1087 1225; x_wconf 87' lang='lat' dir='ltr'><strong>melior</strong></span> <span class='ocrx_word' id='word_1_26' title='bbox 1104 1161 1160 1225; x_wconf 89' lang='lat' dir='ltr'><strong>est</strong></span> <span class='ocrx_word' id='word_1_27' title='bbox 1175 1175 1278 1225; x_wconf 88' lang='lat' dir='ltr'><strong>mors</strong></span> <span class='ocrx_word' id='word_1_28' title='bbox 1294 1148 1381 1225; x_wconf 82' lang='lat' dir='ltr'><strong>vitae</strong></span> <span class='ocrx_word' id='word_1_29' title='bbox 1399 1177 1516 1250; x_wconf 90' lang='lat' dir='ltr'><strong>quarn</strong></span> <span class='ocrx_word' id='word_1_30' title='bbox 1533 1177 1610 1225; x_wconf 85' lang='lat' dir='ltr'><strong>ma·</strong></span> 
     </span>
    </p>
   </div>
   <div class='ocr_carea' id='block_1_3' title="bbox 495 1298 1056 1398">
    <p class='ocr_par' dir='ltr' id='par_1_4' title="bbox 495 1298 1056 1398">
     <span class='ocr_line' id='line_1_6' title="bbox 495 1298 1056 1398; baseline -0.005 -22"><span class='ocrx_word' id='word_1_31' title='bbox 495 1303 578 1376; x_wconf 91' lang='lat' dir='ltr'><strong>lum</strong></span> <span class='ocrx_word' id='word_1_32' title='bbox 603 1326 746 1376; x_wconf 90' lang='lat' dir='ltr'><strong>nomen</strong></span> <span class='ocrx_word' id='word_1_33' title='bbox 773 1313 811 1375; x_wconf 88' lang='lat' dir='ltr'><strong>et</strong></span> <span class='ocrx_word' id='word_1_34' title='bbox 834 1298 1056 1398; x_wconf 82' lang='lat' dir='ltr'><strong>ignominia.</strong></span> 
     </span>
    </p>
   </div>
   <div class='ocr_carea' id='block_1_4' title="bbox 551 1449 1680 1551">
    <p class='ocr_par' dir='ltr' id='par_1_5' title="bbox 551 1449 1680 1551">
     <span class='ocr_line' id='line_1_7' title="bbox 551 1449 1680 1551; baseline -0.001 -26"><span class='ocrx_word' id='word_1_35' title='bbox 551 1455 606 1529; x_wconf 82' lang='lat'><strong>13.</strong></span> <span class='ocrx_word' id='word_1_36' title='bbox 634 1450 822 1525; x_wconf 90' lang='lat' dir='ltr'><strong>Memoria</strong></span> <span class='ocrx_word' id='word_1_37' title='bbox 852 1451 1081 1550; x_wconf 88' lang='lat' dir='ltr'><strong>scriptorum</strong></span> <span class='ocrx_word' id='word_1_38' title='bbox 1116 1449 1289 1524; x_wconf 89' lang='lat' dir='ltr'><strong>omnium</strong></span> <span class='ocrx_word' id='word_1_39' title='bbox 1307 1449 1610 1551; x_wconf 28' lang='lat' dir='ltr'><strong>&gt;ephemeridum</strong></span> <span class='ocrx_word' id='word_1_40' title='bbox 1678 1469 1680 1473; x_wconf 78' lang='grc'>’</span> 
     </span>
    </p>
   </div>
   <div class='ocr_carea' id='block_1_5' title="bbox 496 1598 1611 1704">
    <p class='ocr_par' dir='ltr' id='par_1_6' title="bbox 496 1598 1611 1704">
     <span class='ocr_line' id='line_1_8' title="bbox 496 1598 1611 1704; baseline -0.003 -27"><span class='ocrx_word' id='word_1_41' title='bbox 496 1603 539 1678; x_wconf 89' lang='lat' dir='ltr'><strong>in</strong></span> <span class='ocrx_word' id='word_1_42' title='bbox 569 1601 847 1702; x_wconf 85' lang='lat' dir='ltr'><strong>compositione</strong></span> <span class='ocrx_word' id='word_1_43' title='bbox 878 1601 1147 1680; x_wconf 81' lang='lat' dir='ltr'><strong>adsentationis</strong></span> <span class='ocrx_word' id='word_1_44' title='bbox 1178 1615 1217 1679; x_wconf 90' lang='lat' dir='ltr'><strong>et</strong></span> <span class='ocrx_word' id='word_1_45' title='bbox 1244 1599 1518 1704; x_wconf 84' lang='lat' dir='ltr'><strong>objurgationis</strong></span> <span class='ocrx_word' id='word_1_46' title='bbox 1542 1598 1611 1676; x_wconf 89' lang='lat' dir='ltr'><strong>fiet</strong></span> 
     </span>
    </p>
   </div>
   <div class='ocr_carea' id='block_1_6' title="bbox 498 1750 920 1865">
    <p class='ocr_par' dir='ltr' id='par_1_7' title="bbox 498 1750 920 1865">
     <span class='ocr_line' id='line_1_9' title="bbox 498 1750 920 1865; baseline -0.007 -39"><span class='ocrx_word' id='word_1_47' title='bbox 498 1779 596 1854; x_wconf 91' lang='lat' dir='ltr'><strong>opus</strong></span> <span class='ocrx_word' id='word_1_48' title='bbox 621 1750 861 1853; x_wconf 88' lang='lat' dir='ltr'><strong>sterquilinii.</strong></span> <span class='ocrx_word' id='word_1_49' title='bbox 917 1860 920 1865; x_wconf 11' lang='grc'><strong><em>4</em></strong></span> 
     </span>
    </p>
   </div>
   <div class='ocr_carea' id='block_1_7' title="bbox 754 2091 1359 2195">
    <p class='ocr_par' dir='ltr' id='par_1_8' title="bbox 754 2091 1359 2195">
     <span class='ocr_line' id='line_1_10' title="bbox 754 2091 1359 2195; baseline 0.007 -27"><span class='ocrx_word' id='word_1_50' title='bbox 754 2091 981 2169; x_wconf 68' lang='lat' dir='ltr'><strong>curor</strong></span> <span class='ocrx_word' id='word_1_51' title='bbox 1019 2092 1359 2195; x_wconf 78' lang='lat' dir='ltr'><strong>Qurnrun</strong></span> 
     </span>
    </p>
   </div>
   <div class='ocr_carea' id='block_1_8' title="bbox 489 2357 1614 4261">
    <p class='ocr_par' dir='ltr' id='par_1_9' title="bbox 554 2357 1012 2436">
     <span class='ocr_line' id='line_1_11' title="bbox 554 2357 1012 2436; baseline -0.009 0"><span class='ocrx_word' id='word_1_52' title='bbox 554 2385 584 2436; x_wconf 87' lang='lat'><strong>1.</strong></span> <span class='ocrx_word' id='word_1_53' title='bbox 612 2357 731 2433; x_wconf 75' lang='lat' dir='ltr'><strong>Ortus</strong></span> <span class='ocrx_word' id='word_1_54' title='bbox 757 2357 1012 2433; x_wconf 89' lang='lat' dir='ltr'><strong>Hieromomi.</strong></span> 
     </span>
    </p>

    <p class='ocr_par' dir='ltr' id='par_1_10' title="bbox 489 2507 1614 3188">
     <span class='ocr_line' id='line_1_12' title="bbox 552 2507 1610 2612; baseline -0.002 -28"><span class='ocrx_word' id='word_1_55' title='bbox 552 2533 585 2584; x_wconf 75' lang='lat' dir='ltr'><strong>a.</strong></span> <span class='ocrx_word' id='word_1_56' title='bbox 610 2513 662 2584; x_wconf 90' lang='lat' dir='ltr'><strong>Et</strong></span> <span class='ocrx_word' id='word_1_57' title='bbox 688 2538 765 2585; x_wconf 88' lang='lat' dir='ltr'><strong>vox</strong></span> <span class='ocrx_word' id='word_1_58' title='bbox 790 2511 864 2587; x_wconf 74' lang='lat' dir='ltr'><strong>riri</strong></span> <span class='ocrx_word' id='word_1_59' title='bbox 889 2511 1062 2602; x_wconf 87' lang='lat' dir='ltr'><strong>militaris</strong></span> <span class='ocrx_word' id='word_1_60' title='bbox 1086 2510 1309 2612; x_wconf 83' lang='lat' dir='ltr'><strong>increpabat</strong></span> <span class='ocrx_word' id='word_1_61' title='bbox 1328 2511 1451 2585; x_wconf 86' lang='lat' dir='ltr'><strong>ultro:</strong></span> <span class='ocrx_word' id='word_1_62' title='bbox 1478 2507 1610 2583; x_wconf 87' lang='lat' dir='ltr'><strong>Homo</strong></span> 
     </span>
     <span class='ocr_line' id='line_1_13' title="bbox 489 2659 1612 2764; baseline 0.003 -32"><span class='ocrx_word' id='word_1_63' title='bbox 489 2659 621 2762; x_wconf 15' lang='lat' dir='ltr'><strong>‘homo</strong></span> <span class='ocrx_word' id='word_1_64' title='bbox 642 2660 689 2734; x_wconf 85' lang='lat' dir='ltr'><strong>de</strong></span> <span class='ocrx_word' id='word_1_65' title='bbox 707 2663 806 2736; x_wconf 88' lang='lat' dir='ltr'><strong>colle</strong></span> <span class='ocrx_word' id='word_1_66' title='bbox 824 2662 1121 2764; x_wconf 81' lang='lat' dir='ltr'><strong>cyparissorum,</strong></span> <span class='ocrx_word' id='word_1_67' title='bbox 1147 2661 1205 2736; x_wconf 87' lang='lat' dir='ltr'><strong>fili</strong></span> <span class='ocrx_word' id='word_1_68' title='bbox 1221 2663 1392 2762; x_wconf 87' lang='lat' dir='ltr'><strong>Raphael</strong></span> <span class='ocrx_word' id='word_1_69' title='bbox 1416 2659 1488 2735; x_wconf 91' lang='lat' dir='ltr'><strong>filii</strong></span> <span class='ocrx_word' id='word_1_70' title='bbox 1508 2660 1612 2736; x_wconf 75' lang='lat' dir='ltr'><strong>Sera-</strong></span> 
     </span>
     <span class='ocr_line' id='line_1_14' title="bbox 498 2808 1614 2913; baseline 0.004 -30"><span class='ocrx_word' id='word_1_71' title='bbox 498 2810 630 2908; x_wconf 89' lang='lat' dir='ltr'><strong>phim,</strong></span> <span class='ocrx_word' id='word_1_72' title='bbox 657 2811 735 2884; x_wconf 93' lang='lat' dir='ltr'><strong>scio</strong></span> <span class='ocrx_word' id='word_1_73' title='bbox 760 2838 877 2912; x_wconf 91' lang='lat' dir='ltr'><strong>opera</strong></span> <span class='ocrx_word' id='word_1_74' title='bbox 902 2826 987 2906; x_wconf 85' lang='lat' dir='ltr'><strong>tua,</strong></span> <span class='ocrx_word' id='word_1_75' title='bbox 1015 2825 1052 2888; x_wconf 90' lang='lat' dir='ltr'><strong>et</strong></span> <span class='ocrx_word' id='word_1_76' title='bbox 1072 2812 1371 2888; x_wconf 84' lang='lat' dir='ltr'><strong>adsentationem</strong></span> <span class='ocrx_word' id='word_1_77' title='bbox 1393 2814 1442 2886; x_wconf 90' lang='lat' dir='ltr'><strong>ad</strong></span> <span class='ocrx_word' id='word_1_78' title='bbox 1463 2808 1614 2913; x_wconf 80' lang='lat' dir='ltr'><strong>captan-</strong></span> 
     </span>
     <span class='ocr_line' id='line_1_15' title="bbox 501 2930 1613 3064; baseline 0.006 -34"><span class='ocrx_word' id='word_1_79' title='bbox 501 2960 570 3032; x_wconf 93' lang='lat' dir='ltr'><strong>dos</strong></span> <span class='ocrx_word' id='word_1_80' title='bbox 587 2959 803 3058; x_wconf 86' lang='lat' dir='ltr'><strong>improbos,</strong></span> <span class='ocrx_word' id='word_1_81' title='bbox 827 2974 865 3035; x_wconf 90' lang='lat' dir='ltr'><strong>et</strong></span> <span class='ocrx_word' id='word_1_82' title='bbox 875 2959 1002 3064; x_wconf 78' lang='lat' dir='ltr'><strong>jurgia</strong></span> <span class='ocrx_word' id='word_1_83' title='bbox 1020 2972 1085 3035; x_wconf 89' lang='lat' dir='ltr'><strong>tua</strong></span> <span class='ocrx_word' id='word_1_84' title='bbox 1101 2960 1143 3034; x_wconf 91' lang='lat' dir='ltr'><strong>in</strong></span> <span class='ocrx_word' id='word_1_85' title='bbox 1161 2963 1386 3062; x_wconf 80' lang='lat' dir='ltr'><strong>prophetas,</strong></span> <span class='ocrx_word' id='word_1_86' title='bbox 1404 2930 1443 3036; x_wconf 78' lang='lat' dir='ltr'><strong>et</strong></span> <span class='ocrx_word' id='word_1_87' title='bbox 1458 2937 1613 3037; x_wconf 89' lang='lat' dir='ltr'><strong>insidias</strong></span> 
     </span>
     <span class='ocr_line' id='line_1_16' title="bbox 500 3109 1453 3188; baseline 0.005 -5"><span class='ocrx_word' id='word_1_88' title='bbox 500 3109 543 3184; x_wconf 87' lang='lat' dir='ltr'><strong>in</strong></span> <span class='ocrx_word' id='word_1_89' title='bbox 573 3109 739 3184; x_wconf 85' lang='lat' dir='ltr'><strong>animam</strong></span> <span class='ocrx_word' id='word_1_90' title='bbox 766 3137 909 3186; x_wconf 85' lang='lat' dir='ltr'><strong>meam:</strong></span> <span class='ocrx_word' id='word_1_91' title='bbox 935 3124 977 3185; x_wconf 85' lang='lat' dir='ltr'><strong>tu</strong></span> <span class='ocrx_word' id='word_1_92' title='bbox 1005 3135 1044 3186; x_wconf 84' lang='lat' dir='ltr'><strong>es</strong></span> <span class='ocrx_word' id='word_1_93' title='bbox 1068 3110 1183 3187; x_wconf 79' lang='lat' dir='ltr'><strong>vivus</strong></span> <span class='ocrx_word' id='word_1_94' title='bbox 1205 3123 1244 3186; x_wconf 89' lang='lat' dir='ltr'><strong>et</strong></span> <span class='ocrx_word' id='word_1_95' title='bbox 1268 3126 1453 3188; x_wconf 89' lang='lat' dir='ltr'><strong>mortuus.</strong></span> 
     </span>
    </p>

    <p class='ocr_par' dir='ltr' id='par_1_11' title="bbox 502 3259 1614 3512">
     <span class='ocr_line' id='line_1_17' title="bbox 551 3259 1614 3361; baseline -0.001 -24"><span class='ocrx_word' id='word_1_96' title='bbox 551 3264 586 3337; x_wconf 83' lang='lat'><strong>3.</strong></span> <span class='ocrx_word' id='word_1_97' title='bbox 613 3259 687 3334; x_wconf 87' lang='lat' dir='ltr'><strong>Sed</strong></span> <span class='ocrx_word' id='word_1_98' title='bbox 711 3261 800 3361; x_wconf 87' lang='lat' dir='ltr'><strong>quia</strong></span> <span class='ocrx_word' id='word_1_99' title='bbox 821 3261 934 3336; x_wconf 87' lang='lat' dir='ltr'><strong>odisti</strong></span> <span class='ocrx_word' id='word_1_100' title='bbox 957 3287 1072 3361; x_wconf 88' lang='lat' dir='ltr'><strong>opera</strong></span> <span class='ocrx_word' id='word_1_101' title='bbox 1093 3261 1340 3338; x_wconf 88' lang='lat' dir='ltr'><strong>Hieromomi</strong></span> <span class='ocrx_word' id='word_1_102' title='bbox 1359 3264 1538 3339; x_wconf 88' lang='lat' dir='ltr'><strong>adversus</strong></span> <span class='ocrx_word' id='word_1_103' title='bbox 1558 3261 1614 3339; x_wconf 79' lang='lat' dir='ltr'><strong>vi-</strong></span> 
     </span>
     <span class='ocr_line' id='line_1_18' title="bbox 502 3409 1082 3512; baseline 0.005 -30"><span class='ocrx_word' id='word_1_104' title='bbox 502 3409 615 3504; x_wconf 82' lang='lat' dir='ltr'><strong>duas,</strong></span> <span class='ocrx_word' id='word_1_105' title='bbox 641 3410 795 3484; x_wconf 86' lang='lat' dir='ltr'><strong>remitto</strong></span> <span class='ocrx_word' id='word_1_106' title='bbox 821 3411 891 3485; x_wconf 91' lang='lat' dir='ltr'><strong>tibi</strong></span> <span class='ocrx_word' id='word_1_107' title='bbox 917 3423 1082 3512; x_wconf 88' lang='lat' dir='ltr'><strong>peccata.</strong></span> 
     </span>
    </p>

    <p class='ocr_par' dir='ltr' id='par_1_12' title="bbox 498 3561 1614 3964">
     <span class='ocr_line' id='line_1_19' title="bbox 550 3561 1614 3664; baseline 0.003 -29"><span class='ocrx_word' id='word_1_108' title='bbox 550 3579 586 3650; x_wconf 74' lang='lat'><strong>4.</strong></span> <span class='ocrx_word' id='word_1_109' title='bbox 613 3561 819 3637; x_wconf 87' lang='lat' dir='ltr'><strong>Revertere</strong></span> <span class='ocrx_word' id='word_1_110' title='bbox 844 3589 867 3636; x_wconf 85' lang='lat' dir='ltr'><strong>a</strong></span> <span class='ocrx_word' id='word_1_111' title='bbox 891 3562 954 3639; x_wconf 79' lang='lat' dir='ltr'><strong>via</strong></span> <span class='ocrx_word' id='word_1_112' title='bbox 978 3563 1242 3664; x_wconf 50' lang='lat' dir='ltr'><strong>tua&#39;pessima:</strong></span> <span class='ocrx_word' id='word_1_113' title='bbox 1269 3566 1370 3660; x_wconf 86' lang='lat' dir='ltr'><strong>leges</strong></span> <span class='ocrx_word' id='word_1_114' title='bbox 1397 3561 1614 3638; x_wconf 90' lang='lat' dir='ltr'><strong>enimcum</strong></span> 
     </span>
     <span class='ocr_line' id='line_1_20' title="bbox 500 3710 1613 3815; baseline 0.005 -33"><span class='ocrx_word' id='word_1_115' title='bbox 500 3710 613 3785; x_wconf 89' lang='lat' dir='ltr'><strong>coecis</strong></span> <span class='ocrx_word' id='word_1_116' title='bbox 627 3768 638 3804; x_wconf 88' lang='lat'>‚</span> <span class='ocrx_word' id='word_1_117' title='bbox 675 3726 712 3789; x_wconf 87' lang='lat' dir='ltr'><strong>et</strong></span> <span class='ocrx_word' id='word_1_118' title='bbox 736 3713 876 3790; x_wconf 83' lang='lat' dir='ltr'><strong>scribes</strong></span> <span class='ocrx_word' id='word_1_119' title='bbox 903 3741 994 3788; x_wconf 91' lang='lat' dir='ltr'><strong>cum</strong></span> <span class='ocrx_word' id='word_1_120' title='bbox 1018 3716 1274 3815; x_wconf 85' lang='lat' dir='ltr'><strong>sycophanta:</strong></span> <span class='ocrx_word' id='word_1_121' title='bbox 1309 3725 1348 3788; x_wconf 89' lang='lat' dir='ltr'><strong>et</strong></span> <span class='ocrx_word' id='word_1_122' title='bbox 1373 3724 1523 3815; x_wconf 83' lang='lat' dir='ltr'><strong>tempus</strong></span> <span class='ocrx_word' id='word_1_123' title='bbox 1548 3712 1613 3788; x_wconf 80' lang='lat' dir='ltr'><strong>irae</strong></span> 
     </span>
     <span class='ocr_line' id='line_1_21' title="bbox 498 3876 711 3964; baseline 0.014 -28"><span class='ocrx_word' id='word_1_124' title='bbox 498 3876 711 3964; x_wconf 79' lang='lat' dir='ltr'><strong>propeest</strong></span> 
     </span>
    </p>

    <p class='ocr_par' dir='ltr' id='par_1_13' title="bbox 498 4012 1614 4261">
     <span class='ocr_line' id='line_1_22' title="bbox 550 4012 1614 4092; baseline 0.006 -6"><span class='ocrx_word' id='word_1_125' title='bbox 550 4013 584 4086; x_wconf 81' lang='lat'><strong>5.</strong></span> <span class='ocrx_word' id='word_1_126' title='bbox 612 4014 886 4090; x_wconf 89' lang='lat' dir='ltr'><strong>Hieromomus</strong></span> <span class='ocrx_word' id='word_1_127' title='bbox 922 4012 990 4091; x_wconf 85' lang='lat' dir='ltr'><strong>fiet</strong></span> <span class='ocrx_word' id='word_1_128' title='bbox 1031 4017 1242 4089; x_wconf 92' lang='lat' dir='ltr'><strong>monachus</strong></span> <span class='ocrx_word' id='word_1_129' title='bbox 1286 4027 1325 4091; x_wconf 87' lang='lat' dir='ltr'><strong>et</strong></span> <span class='ocrx_word' id='word_1_130' title='bbox 1362 4016 1535 4091; x_wconf 89' lang='lat' dir='ltr'><strong>sacerdos</strong></span> <span class='ocrx_word' id='word_1_131' title='bbox 1570 4015 1614 4092; x_wconf 88' lang='lat' dir='ltr'><strong>in</strong></span> 
     </span>
     <span class='ocr_line' id='line_1_23' title="bbox 498 4162 1614 4261; baseline 0.005 -27"><span class='ocrx_word' id='word_1_132' title='bbox 498 4162 595 4237; x_wconf 89' lang='lat' dir='ltr'><strong>urbe</strong></span> <span class='ocrx_word' id='word_1_133' title='bbox 627 4164 966 4261; x_wconf 85' lang='lat' dir='ltr'><strong>transmigrationis</strong></span> <span class='ocrx_word' id='word_1_134' title='bbox 997 4167 1198 4241; x_wconf 88' lang='lat' dir='ltr'><strong>Gallorum</strong></span> <span class='ocrx_word' id='word_1_135' title='bbox 1226 4167 1424 4242; x_wconf 87' lang='lat' dir='ltr'><strong>Senonum</strong></span> <span class='ocrx_word' id='word_1_136' title='bbox 1455 4166 1504 4240; x_wconf 89' lang='lat' dir='ltr'><strong>ad</strong></span> <span class='ocrx_word' id='word_1_137' title='bbox 1534 4165 1614 4240; x_wconf 89' lang='lat' dir='ltr'><strong>Au-</strong></span> 
     </span>
    </p>
   </div>
   <div class='ocr_carea' id='block_1_9' title="bbox 498 4313 977 4415">
    <p class='ocr_par' dir='ltr' id='par_1_14' title="bbox 498 4313 977 4415">
     <span class='ocr_line' id='line_1_24' title="bbox 498 4313 977 4415; baseline 0.019 -31"><span class='ocrx_word' id='word_1_138' title='bbox 498 4322 618 4386; x_wconf 89' lang='lat' dir='ltr'><strong>strum</strong></span> <span class='ocrx_word' id='word_1_139' title='bbox 644 4313 754 4415; x_wconf 85' lang='lat' dir='ltr'><strong>Alpis</strong></span> <span class='ocrx_word' id='word_1_140' title='bbox 785 4316 977 4393; x_wconf 86' lang='lat' dir='ltr'><strong>Penninae.</strong></span> 
     </span>
    </p>
   </div>
   <div class='ocr_carea' id='block_1_10' title="bbox 0 0 1786 5364">
    <p class='ocr_par' dir='ltr' id='par_1_15' title="bbox 0 0 1786 5364">
     <span class='ocr_line' id='line_1_25' title="bbox 0 0 1786 5364; baseline 0 0"><span class='ocrx_word' id='word_1_141' title='bbox 0 0 1786 5364; x_wconf 95' lang='lat' dir='ltr'><strong> </strong></span> 
     </span>
    </p>
   </div>
  </div>
 </body>
</html>
