3562 5364
1303 531 1325 598 9

178 643 181 648 ’
259 691 293 771 6.
318 692 370 770 ut
397 646 599 769 'accinctus
638 688 808 793 diploide
848 689 1125 792 impudentia,
1169 692 1326 773 aoaebrt

209 870 348 946 pueros
378 846 569 919 doctrinas
594 871 687 943 quas
712 870 764 919 ne
780 822 865 943 ipse
889 842 1046 943 quidem
1070 845 1266 922 didicerat.

258 1021 292 1094 7.
317 997 369 1070 Et
393 995 461 1071 fiet
486 1007 672 1095 apostata:
700 998 747 1068 'ut
773 991 1029 1069 confiteantur
1055 1021 1186 1071 omnes
1202 999 1324 1096 quod

206 1146 392 1246 scriptum
423 1158 478 1221 est
506 1171 575 1246 per
604 1144 836 1244 sapientem:
872 1119 1005 1218 Homo
1034 1159 1227 1246 apostata,
1261 1149 1323 1224 vir

206 1296 353 1371 inutilis
367 1324 378 1390 3
411 1296 582 1393 graditur
607 1321 675 1371 ore
702 1321 903 1395 perverso;
937 1296 1075 1371 annuit
1104 1297 1247 1388 oculis3
1272 1310 1324 1372 te·

206 1447 257 1556 rit
281 1447 399 1546 pede3
425 1446 545 1545 digito
572 1445 765 1544 loquitur3
792 1471 912 1545 pravo
939 1446 1055 1520 corde
1081 1448 1344 1561 machinatur

206 1599 373 1690 malum3
399 1595 506 1669 omni
529 1607 701 1696 tempore
718 1592 845 1698 jurgia
866 1597 1044 1673 seminat:
1069 1597 1161 1672 huic
1184 1553 1322 1674 erilem·

156 1762 161 1780 '
205 1748 273 1846 plo
299 1747 407 1823 venit
430 1746 594 1849 perditio
621 1774 698 1821 sua.

256 1898 291 1972 8.
319 1899 412 1972 ldeo
449 1898 725 1974 Hieromomus
755 1898 895 1975 scribet
925 1900 1044 1975 diaria
1073 1900 1122 1975 ad
1151 1898 1323 2003 injicien-

207 2047 301 2122 dum
322 2049 452 2148 ignem
472 2049 573 2124 inter
593 2050 749 2150 stipulas
772 2050 935 2126 civitatis
958 2079 1072 2150 quam
1092 2081 1227 2127 manus
1245 2054 1323 2130 Dei

204 2198 385 2275 liberavit
410 2200 459 2273 ab
487 2200 684 2277 eversione
711 2212 750 2276 et
777 2199 993 2301 perditione
1019 2202 1195 2279 licentiae.

256 2374 289 2450 9.
318 2350 369 2422 Et
396 2351 609 2450 replebitur
634 2350 904 2426 maledictione
933 2351 1071 2452 populi
1095 2354 1176 2427 sui:
1200 2366 1247 2430 etv
1263 2382 1321 2430 su-

202 2523 314 2614 ¹mens
338 2500 524 2574 malitiam
549 2529 657 2575 suam
684 2514 723 2576 et
747 2502 1057 2578 atramentarium
1079 2513 1118 2578 et
1138 2504 1321 2578 baculum

203 2649 362 2724 viatoris
388 2649 558 2725 exulabit
583 2675 652 2749 per
681 2663 813 2747 gentes
839 2650 1006 2744 alienas,
1043 2651 1165 2726 donec
1191 2652 1322 2729 veniet

204 2798 248 2874 in
267 2811 365 2874 terra
381 2800 496 2875 fertili
507 2858 518 2896 ,
545 2799 615 2875 ubi
636 2802 741 2877 sedet
760 2802 909 2901 Babylo
932 2800 1112 2897 minima,
1135 2803 1184 2875 ad
1200 2829 1321 2902 popu·

204 2916 288 3025 lum
310 2955 550 3053 epulantem,
578 2955 726 3052 dequo
747 2951 973 3029 vaticinatus
1000 2962 1055 3026 est
1080 2951 1220 3026 Jacob:

259 3127 314 3175 ιο.
339 3102 480 3178 Asinus
509 3103 617 3178 sortis
650 3105 840 3177 accubans
868 3103 969 3177 inter
994 3101 1197 3176 terminos:
1220 3082 1321 3177 vidit

205 3252 379 3350 requiem
403 3255 509 3353 quod
531 3267 626 3330 esset
646 3256 769 3350 bona,
794 3266 832 3329 et
849 3265 948 3330 terra
968 3252 1074 3351 quod
1095 3252 1259 3352 optima,
1282 3262 1321 3324 et

205 3404 405 3504 supposuit
432 3405 639 3479 humerum
669 3431 783 3478 suum
812 3403 860 3477 ad
896 3402 1150 3503 portandum,
1185 3401 1320 3475 sactus-

206 3577 282 3652 que
309 3566 364 3628 est
388 3552 554 3630 serviens
581 3554 742 3629 tributis.

259 3731 315 3779 11.
342 3705 404 3779 Ibi
427 3705 586 3780 coluber
609 3706 794 3781 devorans
816 3704 1000 3782 infantem
1022 3704 1243 3780 interfectus
1264 3716 1320 3778 est

205 3882 227 3928 a
248 3859 351 3929 malo
375 3856 542 3957 cydonio
563 3855 756 3955 agricolae:
783 3869 821 3932 et
841 3859 985 3931 malum
1005 3854 1213 3956 cydonium
1231 3879 1320 3928 con·
1344 3912 1346 3916 -

205 4004 379 4079 territum
405 4033 427 4079 a
451 4006 555 4081 lilio:
582 4006 710 4081 lilium
735 4019 863 4081 autem
888 4009 1065 4082 avulsum
1090 4007 1138 4078 ab
1160 4005 1321 4105 indupe-

203 4169 329 4232 ratore
367 4158 559 4230 monacho
595 4153 703 4258 cujus
737 4155 809 4230 filii
840 4168 878 4231 et
904 4157 1111 4255 abnepotes
1138 4156 1320 4231 tenebant

204 4318 343 4382 terram
367 4307 474 4383 illam
502 4310 573 4383 sub
602 4293 747 4383 tributo
773 4331 842 4408 per
866 4318 1050 4406 satrapas:
